@inproceedings{pentland2004social,
	title={Social dynamics: Signals and behavior},
	author={Pentland, Alex},
	booktitle={Proceedings of the third international conference on developmental learning (ICDLâ€™04). Salk Institute, San Diego. UCSD Institute for Neural Computation},
	pages={263--267},
	year={2004}
}

@inproceedings{kovar2008motion,
	title={Motion graphs},
	author={Kovar, Lucas and Gleicher, Michael and Pighin, Fr{\'e}d{\'e}ric},
	booktitle={ACM SIGGRAPH 2008 classes},
	pages={51},
	year={2008},
	organization={ACM}
}

@inproceedings{levine2010gesture,
	title={Gesture controllers},
	author={Levine, Sergey and Kr{\"a}henb{\"u}hl, Philipp and Thrun, Sebastian and Koltun, Vladlen},
	booktitle={ACM Transactions on Graphics (TOG)},
	volume={29},
	number={4},
	pages={124},
	year={2010},
	organization={ACM}
}

@article{griffin2001gaze,
	title={Gaze durations during speech reflect word selection and phonological encoding},
	author={Griffin, Zenzi M},
	journal={Cognition},
	volume={82},
	number={1},
	pages={B1--B14},
	year={2001},
	publisher={Elsevier}
}

@book{mcneill1992hand,
	title={Hand and mind: What gestures reveal about thought},
	author={McNeill, David},
	year={1992},
	publisher={University of Chicago press}
}

@article{kendon1980gesticulation,
	title={Gesticulation and speech: Two aspects of the process of utterance},
	author={Kendon, Adam},
	journal={The relationship of verbal and nonverbal communication},
	volume={25},
	number={1980},
	pages={207--227},
	year={1980}
}

@inproceedings{huang2014learning,
	title={Learning-based modeling of multimodal behaviors for humanlike robots},
	author={Huang, Chien-Ming and Mutlu, Bilge},
	booktitle={Proceedings of the 2014 ACM/IEEE international conference on Human-robot interaction},
	pages={57--64},
	year={2014},
	organization={ACM}
}

@article{morency2010modeling,
	title={Modeling human communication dynamics [social sciences]},
	author={Morency, Louis-Philippe},
	journal={IEEE Signal Processing Magazine},
	volume={27},
	number={5},
	pages={112--116},
	year={2010},
	publisher={IEEE}
}

@inproceedings{morency2008predicting,
	title={Predicting listener backchannels: A probabilistic multimodal approach},
	author={Morency, Louis-Philippe and de Kok, Iwan and Gratch, Jonathan},
	booktitle={International Workshop on Intelligent Virtual Agents},
	pages={176--190},
	year={2008},
	organization={Springer}
}

@article{bernieri1988synchrony,
	title={Synchrony, pseudosynchrony, and dissynchrony: Measuring the entrainment process in mother-infant interactions.},
	author={Bernieri, Frank J and Reznick, J Steven and Rosenthal, Robert},
	journal={Journal of personality and social psychology},
	volume={54},
	number={2},
	pages={243},
	year={1988},
	publisher={American Psychological Association}
}

@book{cassell2000embodied,
	title={Embodied conversational agents},
	author={Cassell, Justine and Sullivan, Joseph and Churchill, Elizabeth and Prevost, Scott},
	year={2000},
	publisher={MIT press}
}

@inproceedings{cassell1994animated,
	title={Animated conversation: rule-based generation of facial expression, gesture \& spoken intonation for multiple conversational agents},
	author={Cassell, Justine and Pelachaud, Catherine and Badler, Norman and Steedman, Mark and Achorn, Brett and Becket, Tripp and Douville, Brett and Prevost, Scott and Stone, Matthew},
	booktitle={Proceedings of the 21st annual conference on Computer graphics and interactive techniques},
	pages={413--420},
	year={1994},
	organization={ACM}
}

@inproceedings{steidl2005all,
	title={" Of all things the measure is man" automatic classification of emotions and inter-labeler consistency [speech-based emotion recognition]},
	author={Steidl, Stefan and Levit, Michael and Batliner, Anton and Noth, Elmar and Niemann, Heinrich},
	booktitle={Acoustics, Speech, and Signal Processing, 2005. Proceedings.(ICASSP'05). IEEE International Conference on},
	volume={1},
	pages={I--317},
	year={2005},
	organization={IEEE}
}

@article{zeng2009survey,
	title={A survey of affect recognition methods: Audio, visual, and spontaneous expressions},
	author={Zeng, Zhihong and Pantic, Maja and Roisman, Glenn I and Huang, Thomas S},
	journal={IEEE transactions on pattern analysis and machine intelligence},
	volume={31},
	number={1},
	pages={39--58},
	year={2009},
	publisher={IEEE}
}

@article{stone2000brief,
	title={Brief report: screening tool for autism in two-year-olds (STAT): development and preliminary data},
	author={Stone, Wendy L and Coonrod, Elaine E and Ousley, Opal Y},
	journal={Journal of autism and developmental disorders},
	volume={30},
	number={6},
	pages={607--612},
	year={2000},
	publisher={Springer}
}

@article{aviezer2008angry,
	title={Angry, disgusted, or afraid? Studies on the malleability of emotion perception},
	author={Aviezer, Hillel and Hassin, Ran R and Ryan, Jennifer and Grady, Cheryl and Susskind, Josh and Anderson, Adam and Moscovitch, Morris and Bentin, Shlomo},
	journal={Psychological science},
	volume={19},
	number={7},
	pages={724--732},
	year={2008},
	publisher={SAGE Publications Sage CA: Los Angeles, CA}
}

@article{barrett2011context,
	title={Context in emotion perception},
	author={Barrett, Lisa Feldman and Mesquita, Batja and Gendron, Maria},
	journal={Current Directions in Psychological Science},
	volume={20},
	number={5},
	pages={286--290},
	year={2011},
	publisher={Sage Publications Sage CA: Los Angeles, CA}
}

@article{mollahosseini2017affectnet,
	title={Affectnet: A database for facial expression, valence, and arousal computing in the wild},
	author={Mollahosseini, Ali and Hasani, Behzad and Mahoor, Mohammad H},
	journal={arXiv preprint arXiv:1708.03985},
	year={2017}
}

@inproceedings{fabian2016emotionet,
	title={Emotionet: An accurate, real-time algorithm for the automatic annotation of a million facial expressions in the wild},
	author={Fabian Benitez-Quiroz, C and Srinivasan, Ramprakash and Martinez, Aleix M},
	booktitle={Proceedings of the IEEE Conference on Computer Vision and Pattern Recognition},
	pages={5562--5570},
	year={2016}
}

@inproceedings{mollahosseini2016facial,
	title={Facial expression recognition from world wild web},
	author={Mollahosseini, Ali and Hasani, Behzad and Salvador, Michelle J and Abdollahi, Hojjat and Chan, David and Mahoor, Mohammad H},
	booktitle={Proceedings of the IEEE Conference on Computer Vision and Pattern Recognition Workshops},
	pages={58--65},
	year={2016}
}

@inproceedings{dhall2013emotion,
	title={Emotion recognition in the wild challenge 2013},
	author={Dhall, Abhinav and Goecke, Roland and Joshi, Jyoti and Wagner, Michael and Gedeon, Tom},
	booktitle={Proceedings of the 15th ACM on International conference on multimodal interaction},
	pages={509--516},
	year={2013},
	organization={ACM}
}

@article{gross2010multi,
	title={Multi-pie},
	author={Gross, Ralph and Matthews, Iain and Cohn, Jeffrey and Kanade, Takeo and Baker, Simon},
	journal={Image and Vision Computing},
	volume={28},
	number={5},
	pages={807--813},
	year={2010},
	publisher={Elsevier}
}


@inproceedings{lucey2010extended,
	title={The extended cohn-kanade dataset (ck+): A complete dataset for action unit and emotion-specified expression},
	author={Lucey, Patrick and Cohn, Jeffrey F and Kanade, Takeo and Saragih, Jason and Ambadar, Zara and Matthews, Iain},
	booktitle={Computer Vision and Pattern Recognition Workshops (CVPRW), 2010 IEEE Computer Society Conference on},
	pages={94--101},
	year={2010},
	organization={IEEE}
}

@article{tronick1989infant,
	title={Infant-mother face-to-face interaction: Age and gender differences in coordination and the occurrence of miscoordination},
	author={Tronick, Edward Z and Cohn, Jeffery F},
	journal={Child development},
	pages={85--92},
	year={1989},
	publisher={JSTOR}
}


@article{ricciardelli2002my,
	title={My eyes want to look where your eyes are looking: Exploring the tendency to imitate another individual's gaze},
	author={Ricciardelli, Paola and Bricolo, Emanuela and Aglioti, Salvatore M and Chelazzi, Leonardo},
	journal={Neuroreport},
	volume={13},
	number={17},
	pages={2259--2264},
	year={2002},
	publisher={LWW}
}

@article{friesen1998eyes,
	title={The eyes have it! Reflexive orienting is triggered by nonpredictive gaze},
	author={Friesen, Chris Kelland and Kingstone, Alan},
	journal={Psychonomic bulletin \& review},
	volume={5},
	number={3},
	pages={490--495},
	year={1998},
	publisher={Springer}
}


@article{rayner1998eye,
	title={Eye movements in reading and information processing: 20 years of research.},
	author={Rayner, Keith},
	journal={Psychological bulletin},
	volume={124},
	number={3},
	pages={372},
	year={1998},
	publisher={American Psychological Association}
}

@article{de2004modeling,
	title={Modeling human affective postures: an information theoretic characterization of posture features},
	author={De Silva, P Ravindra and Bianchi-Berthouze, Nadia},
	journal={Computer Animation and Virtual Worlds},
	volume={15},
	number={3-4},
	pages={269--276},
	year={2004},
	publisher={Wiley Online Library}
}

@article{banziger2012introducing,
	title={Introducing the Geneva Multimodal expression corpus for experimental research on emotion perception.},
	author={B{\"a}nziger, Tanja and Mortillaro, Marcello and Scherer, Klaus R},
	journal={Emotion},
	volume={12},
	number={5},
	pages={1161},
	year={2012},
	publisher={American Psychological Association}
}

@inproceedings{gunes2006bimodal,
	title={A bimodal face and body gesture database for automatic analysis of human nonverbal affective behavior},
	author={Gunes, Hatice and Piccardi, Massimo},
	booktitle={Pattern Recognition, 2006. ICPR 2006. 18th International Conference on},
	volume={1},
	pages={1148--1153},
	year={2006},
	organization={IEEE}
}

@article{Aristotle328,
	title={Politics},
	author={Aristotle},
	year={328 BC}
}


@article{pentland2005socially,
	title={Socially aware, computation and communication},
	author={Pentland, Alex},
	journal={Computer},
	volume={38},
	number={3},
	pages={33--40},
	year={2005},
	publisher={IEEE}
}

@article{simon2017,
	title={Measuring Human Motion in Social Interactions},
	author={Simon, Tomas},
	journal={Doctoral Thesis, The Robotics Institute, Carnegie Mellon University},
	year={2017}
}




@article{Joo2019,
	title={Towards Social Artificial Intelligence: Nonverbal Social Signal Prediction in A Triadic Interaction},
	author={Joo, Hanbyul, Simon, Tomas and Cikara, Mina and Sheikh, Yaser},
	journal={Technical Report},
	year={2018}
}

@article{plutchik2001nature,
	title={The nature of emotions: Human emotions have deep evolutionary roots, a fact that may explain their complexity and provide tools for clinical practice},
	author={Plutchik, Robert},
	journal={American scientist},
	volume={89},
	number={4},
	pages={344--350},
	year={2001},
	publisher={JSTOR}
}



@article{noroozi2018survey,
	title={Survey on emotional body gesture recognition},
	author={Noroozi, Fatemeh and Corneanu, Ciprian Adrian and Kami{\'n}ska, Dorota and Sapi{\'n}ski, Tomasz and Escalera, Sergio and Anbarjafari, Gholamreza},
	journal={arXiv preprint arXiv:1801.07481},
	year={2018}
}

@article{russell1979affective,
	title={Affective space is bipolar},
	author={Russell, James A},
	journal={Journal of personality and social psychology},
	volume={37},
	number={3},
	pages={345},
	year={1979},
	publisher={American Psychological Association}
}

@article{osgood1952nature,
	title={The nature and measurement of meaning.},
	author={Osgood, Charles E},
	journal={Psychological bulletin},
	volume={49},
	number={3},
	pages={197},
	year={1952},
	publisher={American Psychological Association}
}


@inproceedings{joo2019,
	title={Towards Social Artificial Intelligence: Nonverbal Social Signal Prediction in A Triadic Interaction},
	author={Joo, Hanbyul and Simon, Tomas and Cikara, Mina and Sheikh, Yaser},
	booktitle={arxiv},
	year={2018}
}


@article{lecun2015deep,
	title={Deep learning},
	author={LeCun, Yann and Bengio, Yoshua and Hinton, Geoffrey},
	journal={nature},
	volume={521},
	number={7553},
	pages={436},
	year={2015},
	publisher={Nature Publishing Group}
}

@article{rumelhart1986parallel,
	title={Parallel distributed processing: explorations in the microstructure of cognition},
	author={Rumelhart, David E and McClelland, James L},
	year={1986},
	publisher={MIT Press, Cambridge, Ma}
}


@article{newell1976,
	title={Computer science as empirical inquiry: Symbols and search},
	author={Newell, Allen and Simon, Herbert A},
	year={1976},
	publisher={ACM}
}

@inproceedings{zancanaro2006automatic,
title={Automatic detection of group functional roles in face to face interactions},
author={Zancanaro, Massimo and Lepri, Bruno and Pianesi, Fabio},
booktitle={Proceedings of the 8th international conference on Multimodal interfaces},
pages={28--34},
year={2006},
organization={ACM}
}

@inproceedings{farenzena2009social,
	title={Social interactions by visual focus of attention in a three-dimensional environment},
	author={Farenzena, M and Tavano, A and Bazzani, L and Tosato, D and Paggetti, G and Menegaz, G and Murino, V and Cristani, M},
	booktitle={Workshop on Pattern Recognition and Artificial Intelligence for Human Behaviour Analysis (PRAI* HBA)},
	volume={1},
	number={2},
	year={2009}
}

@inproceedings{Ramakrishna2012,
	author = {Ramakrishna, Varun and Kanade, Takeo and Sheikh, Yaser},
	booktitle = {CVPR},
	title = {Reconstructing 3D Human Pose from 2D Image Landmarks},
	year = {2012}
}


@inproceedings{martinez2017simple,
	title={A simple yet effective baseline for 3d human pose estimation},
	author={Martinez, Julieta and Hossain, Rayat and Romero, Javier and Little, James J},
	booktitle={ICCV},
	year={2017}
}

@inproceedings{zhou2017towards,
	title={Towards 3d human pose estimation in the wild: a weakly-supervised approach},
	author={Zhou, Xingyi and Huang, Qixing and Sun, Xiao and Xue, Xiangyang and Wei, Yichen},
	booktitle={ICCV},
	year={2017}
}

@article{Moreno-noguer2017,
	author = {Moreno-noguer, Francesc},
	journal = {CVPR},
	title = {{3D Human Pose Estimation from a Single Image via Distance Matrix Regression}},
	year = {2017}
}

@inproceedings{mehta2017monocular,
	title={Monocular 3d human pose estimation in the wild using improved cnn supervision},
	author={Mehta, Dushyant and Rhodin, Helge and Casas, Dan and Fua, Pascal and Sotnychenko, Oleksandr and Xu, Weipeng and Theobalt, Christian},
	booktitle={3DV},
	year={2017}
}

@article{young2018recent,
	title={Recent trends in deep learning based natural language processing},
	author={Young, Tom and Hazarika, Devamanyu and Poria, Soujanya and Cambria, Erik},
	journal={ieee Computational intelligenCe magazine},
	volume={13},
	number={3},
	pages={55--75},
	year={2018},
	publisher={IEEE}
}


@inproceedings{joo2018,
	title={Total Capture: A 3D Deformation Model for Tracking Faces, Hands, and Bodies },
	author={Joo, Hanbyul and Simon, Tomas and Sheikh, Yaser},
	booktitle={CVPR},
	year={2018}
}



@inproceedings{vazquez2017towards,
	title={Towards robot autonomy in group conversations: Understanding the effects of body orientation and gaze},
	author={V{\'a}zquez, Marynel and Carter, Elizabeth J and McDorman, Braden and Forlizzi, Jodi and Steinfeld, Aaron and Hudson, Scott E},
	booktitle={Proceedings of the 2017 ACM/IEEE International Conference on Human-Robot Interaction},
	pages={42--52},
	year={2017},
	organization={ACM}
}

@article{holden2016deep,
	title={A deep learning framework for character motion synthesis and editing},
	author={Holden, Daniel and Saito, Jun and Komura, Taku},
	journal={TOG},
	year={2016}
}

@inproceedings{jain2016structural,
	title={Structural-RNN: Deep learning on spatio-temporal graphs},
	author={Jain, Ashesh and Zamir, Amir R and Savarese, Silvio and Saxena, Ashutosh},
	booktitle={CVPR},
	year={2016}
}

@article{MANO:SIGGRAPHASIA:2017,
	title = {Embodied Hands: Modeling and Capturing Hands and Bodies Together},
	author = {Romero, Javier and Tzionas, Dimitrios and Black, Michael J.},
	journal = {TOG},
	year = {2017}
}

@inproceedings{baltruvsaitis2016openface,
	title={Openface: an open source facial behavior analysis toolkit},
	author={Baltru{\v{s}}aitis, Tadas and Robinson, Peter and Morency, Louis-Philippe},
	booktitle={WACV},
	year={2016}
}

@article{villegas2017learning,
	title={Learning to generate long-term future via hierarchical prediction},
	author={Villegas, Ruben and Yang, Jimei and Zou, Yuliang and Sohn, Sungryull and Lin, Xunyu and Lee, Honglak},
	journal={arXiv preprint arXiv:1704.05831},
	year={2017}
}

@inproceedings{walker2016uncertain,
	title={An uncertain future: Forecasting from static images using variational autoencoders},
	author={Walker, Jacob and Doersch, Carl and Gupta, Abhinav and Hebert, Martial},
	booktitle={ECCV},
	year={2016}
}

@inproceedings{gupta2018social,
	title={Social GAN: Socially Acceptable Trajectories with Generative Adversarial Networks},
	author={Gupta, Agrim and Johnson, Justin and Fei-Fei, Li and Savarese, Silvio and Alahi, Alexandre},
	booktitle={CVPR},
	year={2018}
}


@article{vinciarelli2012bridging,
title={Bridging the gap between social animal and unsocial machine: A survey of social signal processing},
author={Vinciarelli, Alessandro and Pantic, Maja and Heylen, Dirk and Pelachaud, Catherine and Poggi, Isabella and D'Errico, Francesca and Schroeder, Marc},
journal={IEEE Transactions on Affective Computing},
volume={3},
number={1},
pages={69--87},
year={2012},
publisher={IEEE}
}

@article{vinciarelli2009social,
	title={Social signal processing: Survey of an emerging domain},
	author={Vinciarelli, Alessandro and Pantic, Maja and Bourlard, Herv{\'e}},
	journal={Image and vision computing},
	volume={27},
	number={12},
	pages={1743--1759},
	year={2009},
	publisher={Elsevier}
}


@inproceedings{park2006capturing,
	title={Capturing and animating skin deformation in human motion},
	author={Park, Sang Il and Hodgins, Jessica K},
	booktitle={TOG},
	year={2006}
}


@inproceedings{zhao2012combining,
	title={Combining marker-based mocap and RGB-D camera for acquiring high-fidelity hand motion data},
	author={Zhao, Wenping and Chai, Jinxiang and Xu, Ying-Qing},
	booktitle={ACM SIGGRAPH/eurographics symposium on computer animation},
	year={2012}
}


@inproceedings{woltring1973new,
	title={New possibilities for human motion studies by real-time light spot position measurement},
	author={Woltring, HJ},
	booktitle={Biotelemetry},
	year={1973}
}


@inproceedings{moeslund2006survey,
	title={A survey of advances in vision-based human motion capture and analysis},
	author={Moeslund, Thomas B and Hilton, Adrian and Kr{\"u}ger, Volker},
	journal={CVIU},
	year={2006}
}

@inproceedings{joo2017panoptic,
	title={Panoptic Studio: A Massively Multiview System for Social Interaction Capture},
	author={Joo, Hanbyul and Simon, Tomas and Li, Xulong and Liu, Hao and Tan, Lei and Gui, Lin and Banerjee, Sean and Godisart, Timothy and Nabbe, Bart and Matthews, Iain and others},
	booktitle={TPAMI},
	year={2017}
}

@misc{openpose,
	title = {OpenPose Library},
	author={Hidalgo, Gines and Cao, Zhe and Simon, Tomas and Wei, Shih-En and Joo, Hanbyul and Sheikh, Yaser},
	howpublished = {\url{https://github.com/CMU-Perceptual-Computing-Lab/openpose}},
}

@inproceedings{cao2017realtime,
	title={Realtime multi-person 2d pose estimation using part affinity fields},
	author={Cao, Zhe and Simon, Tomas and Wei, Shih-En and Sheikh, Yaser},
	booktitle={CVPR},
	year={2017}
}

@inproceedings{anguelov2005scape,
	title={SCAPE: shape completion and animation of people},
	author={Anguelov, Dragomir and Srinivasan, Praveen and Koller, Daphne and Thrun, Sebastian and Rodgers, Jim and Davis, James},
	booktitle={ToG},
	year={2005}
}

@inproceedings{joo_cvpr_2014,
	author = {Hanbyul Joo and Hyun Soo Park and Yaser Sheikh},
	title = {MAP Visibility Estimation for Large-Scale Dynamic 3D Reconstruction},
	booktitle = {IEEE Conference on Computer Vision and Pattern Recognition},
	year = {2014}
}

@inproceedings{loper2014mosh,
	title={MoSh: Motion and shape capture from sparse markers},
	author={Loper, Matthew and Mahmood, Naureen and Black, Michael J},
	booktitle={ACM Transactions on Graphics (TOG)},
	volume={33},
	number={6},
	pages={220},
	year={2014},
	publisher={ACM}
}

@inproceedings{pons2015dyna,
	title={Dyna: A model of dynamic human shape in motion},
	author={Pons-Moll, Gerard and Romero, Javier and Mahmood, Naureen and Black, Michael J},
	booktitle={TOG},
	year={2015}
}

@inproceedings{Loper2015,
	title={SMPL: A skinned multi-person linear model},
	author={Loper, Matthew and Mahmood, Naureen and Romero, Javier and Pons-Moll, Gerard and Black, Michael J},
	booktitle={TOG},
	year={2015}
}

@inproceedings{lau2009face,
	title={Face poser: Interactive modeling of 3d facial expressions using facial priors},
	author={Lau, Manfred and Chai, Jinxiang and Xu, Ying-Qing and Shum, Heung-Yeung},
	booktitle={ACM Transactions on Graphics (TOG)},
	volume={29},
	number={1},
	pages={3},
	year={2009},
	publisher={ACM}
}

@article{pons2017clothcap,
	title={Clothcap: Seamless 4d clothing capture and retargeting},
	author={Pons-Moll, Gerard and Pujades, Sergi and Hu, Sonny and Black, Michael J},
	journal={TOG},
	year={2017}
}


@inproceedings{zhang2017detailed,
	title={Detailed, accurate, human shape estimation from clothed 3D scan sequences},
	author={Zhang, Chao and Pujades, Sergi and Black, Michael and Pons-Moll, Gerard},
	booktitle={CVPR},
	year={2017}
}


@inproceedings{lewis2014practice,
	title={Practice and Theory of Blendshape Facial Models.},
	author={Lewis, John P and Anjyo, Ken and Rhee, Taehyun and Zhang, Mengjie and Pighin, Fr{\'e}d{\'e}ric H and Deng, Zhigang},
	booktitle={Eurographics (State of the Art Reports)},
	volume={1},
	number={8},
	year={2014}
}

@inproceedings{wu2016anatomically,
	title={An anatomically-constrained local deformation model for monocular face capture},
	author={Wu, Chenglei and Bradley, Derek and Gross, Markus and Beeler, Thabo},
	booktitle={TOG},
	year={2016}
}


@inproceedings{shi2014automatic,
	title={Automatic acquisition of high-fidelity facial performances using monocular videos},
	author={Shi, Fuhao and Wu, Hsiang-Tao and Tong, Xin and Chai, Jinxiang},
	booktitle={ACM Transactions on Graphics (TOG)},
	volume={33},
	number={6},
	pages={222},
	year={2014},
	publisher={ACM}
}


@inproceedings{fyffe2014driving,
	title={Driving high-resolution facial scans with video performance capture},
	author={Fyffe, Graham and Jones, Andrew and Alexander, Oleg and Ichikari, Ryosuke and Debevec, Paul},
	booktitle={ACM Transactions on Graphics (TOG)},
	volume={34},
	number={1},
	pages={8},
	year={2014},
	publisher={ACM}
}

@inproceedings{garrido2016reconstruction,
	title={Reconstruction of personalized 3D face rigs from monocular video},
	author={Garrido, Pablo and Zollh{\"o}fer, Michael and Casas, Dan and Valgaerts, Levi and Varanasi, Kiran and P{\'e}rez, Patrick and Theobalt, Christian},
	booktitle={ACM Transactions on Graphics (TOG)},
	volume={35},
	number={3},
	pages={28},
	year={2016},
	publisher={ACM}
}

@book{zatsiorsky2012biomechanics,
	title={Biomechanics of skeletal muscles},
	author={Zatsiorsky, Vladimir and Prilutsky, Boris},
	year={2012},
	publisher={Human Kinetics}
}

@inproceedings{Newcombe2011,
	title={KinectFusion: Real-time dense surface mapping and tracking},
	author={Newcombe, Richard A and Izadi, Shahram and Hilliges, Otmar and Molyneaux, David and Kim, David and Davison, Andrew J and Kohi, Pushmeet and Shotton, Jamie and Hodges, Steve and Fitzgibbon, Andrew},
	booktitle={Mixed and augmented reality (ISMAR), 2011 10th IEEE international symposium on},
	pages={127--136},
	year={2011},
	organization={IEEE}
}

@InProceedings{simon2017hand,
	title={Hand Keypoint Detection in Single Images using Multiview Bootstrapping},
	author={Simon, Tomas and Joo, Hanbyul and Matthews, Iain and Sheikh, Yaser},
	booktitle={CVPR},
	year={2017}
}

@InProceedings{Joo-15,
	author = {Joo, Hanbyul and Liu, Hao and Tan, Lei and Gui, Lin and Nabbe, Bart and Matthews, Iain and Kanade, Takeo and Nobuhara, Shohei and Sheikh, Yaser},
	title = {Panoptic Studio: A Massively Multiview System for Social Motion Capture},
	booktitle = {ICCV},
	year = {2015}
}

@inproceedings{cao2014facewarehouse,
	title={Facewarehouse: A 3d facial expression database for visual computing},
	author={Cao, Chen and Weng, Yanlin and Zhou, Shun and Tong, Yiying and Zhou, Kun},
	booktitle={TVCG},
	year={2014}
}

@inproceedings{dou2016fusion4d,
	title={Fusion4d: Real-time performance capture of challenging scenes},
	author={Dou, Mingsong and Khamis, Sameh and Degtyarev, Yury and Davidson, Philip and Fanello, Sean Ryan and Kowdle, Adarsh and Escolano, Sergio Orts and Rhemann, Christoph and Kim, David and Taylor, Jonathan and others},
	booktitle={ACM Transactions on Graphics (TOG)},
	volume={35},
	number={4},
	pages={114},
	year={2016},
	publisher={ACM}
}

@inproceedings{orts2016holoportation,
	title={Holoportation: Virtual 3d teleportation in real-time},
	author={Orts-Escolano, Sergio and Rhemann, Christoph and Fanello, Sean and Chang, Wayne and Kowdle, Adarsh and Degtyarev, Yury and Kim, David and Davidson, Philip L and Khamis, Sameh and Dou, Mingsong and others},
	booktitle={Proceedings of the 29th Annual Symposium on User Interface Software and Technology},
	pages={741--754},
	year={2016},
	organization={ACM}
}

@InProceedings{Newcombe_2015_CVPR,
	author = {Newcombe, Richard A. and Fox, Dieter and Seitz, Steven M.},
	title = {DynamicFusion: Reconstruction and Tracking of Non-Rigid Scenes in Real-Time},
	booktitle = {The IEEE Conference on Computer Vision and Pattern Recognition (CVPR)},
	month = {June},
	year = {2015}
}

@inproceedings{innmann2016volumedeform,
	title={VolumeDeform: Real-time volumetric non-rigid reconstruction},
	author={Innmann, Matthias and Zollh{\"o}fer, Michael and Nie{\ss}ner, Matthias and Theobalt, Christian and Stamminger, Marc},
	booktitle={arXiv preprint arXiv:1603.08161},
	year={2016}
}

@inproceedings{yang2016estimation,
	title={Estimation of human body shape in motion with wide clothing},
	author={Yang, Jinlong and Franco, Jean-S{\'e}bastien and H{\'e}troy-Wheeler, Franck and Wuhrer, Stefanie},
	booktitle={European Conference on Computer Vision},
	year={2016}
}



@inproceedings{wang2016capturing,
	title={Capturing dynamic textured surfaces of moving targets},
	author={Wang, Ruizhe and Wei, Lingyu and Vouga, Etienne and Huang, Qixing and Ceylan, Duygu and Medioni, G{\'e}rard and Li, Hao},
	booktitle={arXiv preprint arXiv:1604.02801},
	year={2016}
}

@inproceedings{Guo2017,
	author = {Guo, Kaiwen and Xu, Feng and Yu, Tao and Liu, Xiaoyang and Dai, Qionghai and Liu, Yebin},
	title = {Real-Time Geometry, Albedo, and Motion Reconstruction Using a Single RGB-D Camera},
	booktitle = {ACM Trans. Graph.},
	issue_date = {June 2017},
	volume = {36},
	number = {3},
	month = jun,
	year = {2017},
	issn = {0730-0301},
	pages = {32:1--32:13},
	articleno = {32},
	numpages = {13},
	url = {http://doi.acm.org/10.1145/3083722},
	doi = {10.1145/3083722},
	acmid = {3083722},
	publisher = {ACM},
	address = {New York, NY, USA},
	keywords = {Single-view, albedo, non-rigid, real-time, surface reconstruction},
} 


@Inproceedings{VanGundy07,
	author =       "Matthew Van Gundy and Davide Balzarotti and Giovanni Vigna",
	year =         "2007",
	title =        "Catch me, if you can: Evading network signatures with web-based polymorphic worms",
	booktitle =    "Proceedings of the first USENIX workshop on Offensive Technologies",
	series = 	 "WOOT '07",
	publisher =    "USENIX Association",
	address = 	 "Berkley, CA",
	articleno = 	 "7",
	numpages = 	 "9",
	editor = 	 "",
	volume = 	 "",
	number = 	 "",
	pages = 	 "",
	month = 	 "",
	organization = "",
	note = 	 "",
}


@inproceedings{Bogo2016,
	author    = {Federica Bogo and
	Angjoo Kanazawa and
	Christoph Lassner and
	Peter V. Gehler and
	Javier Romero and
	Michael J. Black},
	title     = {Keep it {SMPL:} Automatic Estimation of 3D Human Pose and Shape from
	a Single Image},
	booktitle   = {CoRR},
	year      = {2016},
	url       = {http://arxiv.org/abs/1607.08128},
	archivePrefix = {arXiv},
}ftf

@inproceedings{Mehta2017,
	author    = {Dushyant Mehta and
	Srinath Sridhar and
	Oleksandr Sotnychenko and
	Helge Rhodin and
	Mohammad Shafiei and
	Hans{-}Peter Seidel and
	Weipeng Xu and
	Dan Casas and
	Christian Theobalt},
	title     = {VNect: Real-time 3D Human Pose Estimation with a Single {RGB} Camera},
	booktitle   = {TOG},
	year      = {2017}
}

@INPROCEEDINGS{Zhou2015, 
	author={X. Zhou and S. Leonardos and Xiaoyan Hu and K. Daniilidis}, 
	booktitle={CVPR}, 
	title={3D shape estimation from 2D landmarks: A convex relaxation approach}, 
	year={2015}
}

@inproceedings{Zhou2016,
	author    = {Xingyi Zhou and
	Xiao Sun and
	Wei Zhang and
	Shuang Liang and
	Yichen Wei},
	title     = {Deep Kinematic Pose Regression},
	booktitle={ECCV Workshop on Geometry Meets Deep Learning},
	year      = {2016}
}

@inproceedings{tome2017lifting,
	title={Lifting from the deep: Convolutional 3d pose estimation from a single image},
	author={Tome, Denis and Russell, Chris and Agapito, Lourdes},
	booktitle={CVPR},
	year={2017}
}

@inproceedings{Tagliasacchi2015,
	title={Robust Articulated-ICP for Real-Time Hand Tracking},
	author={Tagliasacchi, Andrea and Schroeder, Matthias and Tkach, Anastasia and Bouaziz, Sofien and Botsch, Mario and Pauly, Mark},
	booktitle = {Computer Graphics Forum (Symposium on Geometry Processing)},
	volume = 34,
	number = 5,
	year = 2015
}

@inproceedings{coco-14,
	title={Microsoft coco: Common objects in context},
	author={Lin, Tsung-Yi and Maire, Michael and Belongie, Serge and Hays, James and Perona, Pietro and Ramanan, Deva and Doll{\'a}r, Piotr and Zitnick, C Lawrence},
	booktitle={ECCV},
	year={2014}
}

@inproceedings{h36m_pami,
	author = {Ionescu, Catalin and Papava, Dragos and Olaru, Vlad and Sminchisescu, Cristian},
	title = {Human3.6M: Large Scale Datasets and Predictive Methods for {3D} Human Sensing in Natural Environments},
	booktitle = {TPAMI},
	year = {2014}
}

@inproceedings{Andriluka-14,
	author = {Mykhaylo Andriluka and Leonid Pishchulin and Peter Gehler and Schiele, Bernt},
	title = {{2D} Human Pose Estimation: New Benchmark and State of the Art Analysis},
	booktitle = {CVPR},
	year = {2014}
}

@inproceedings{Ye-16,
	title={Spatial Attention Deep Net with Partial PSO for Hierarchical Hybrid Hand Pose Estimation},
	author={Ye, Qi and Yuan, Shanxin and Kim, Tae-Kyun},
	booktitle={ECCV},
	year={2016}
}

@inproceedings{Sun-15,
	title={Cascaded hand pose regression},
	author={Sun, Xiao and Wei, Yichen and Liang, Shuang and Tang, Xiaoou and Sun, Jian},
	booktitle={CVPR},
	year={2015}
}


@inproceedings{Sridha-15,
	author = {Sridhar, Srinath and Mueller, Franziska and Oulasvirta, Antti and Theobalt, Christian},
	title = {Fast and Robust Hand Tracking Using Detection-Guided Optimization},
	booktitle = {CVPR},
	year = {2015}
} 

@inproceedings{Tzionas-16,
	title = {Capturing Hands in Action using Discriminative Salient Points and Physics Simulation},
	author = {Tzionas, Dimitrios and Ballan, Luca and Srikantha, Abhilash and Aponte, Pablo and Pollefeys, Marc and Gall, Juergen},
	booktitle = {IJCV},
	year = {2016}
}



@inproceedings{LaGorce-11,
	title={Model-based {3D} hand pose estimation from video},
	author={de La Gorce, Martin and Fleet, David J and Paragios, Nikos},
	booktitle={TPAMI},
	year={2011}
}



@inproceedings{Ballan-12,
	title={Motion capture of hands in action using discriminative salient points},
	author={Ballan, Luca and Taneja, Aparna and Gall, J{\"u}rgen and Van Gool, Luc and Pollefeys, Marc},
	booktitle={ECCV},
	year={2012}
}


@inproceedings{Oikonomidis-11,
	title={Efficient model-based {3D} tracking of hand articulations using Kinect.},
	author={Oikonomidis, Iason and Kyriazis, Nikolaos and Argyros, Antonis A},
	booktitle={BMVC},
	year={2011}
}


@inproceedings{Keskin-12,
	title={Hand pose estimation and hand shape classification using multi-layered randomized decision forests},
	author={Keskin, Cem and K{\i}ra{\c{c}}, Furkan and Kara, Yunus Emre and Akarun, Lale},
	booktitle={ECCV},
	year={2012}
}


@incollection{Baak-13,
	title={A data-driven approach for real-time full body pose reconstruction from a depth camera},
	author={Baak, Andreas and M{\"u}ller, Meinard and Bharaj, Gaurav and Seidel, Hans-Peter and Theobalt, Christian},
	booktitle={Consumer Depth Cameras for Computer Vision},
	year={2013},
	publisher={Springer}
}

@inproceedings{Shotton-13,
	title={Real-time human pose recognition in parts from single depth images},
	author={Shotton, Jamie and Sharp, Toby and Kipman, Alex and Fitzgibbon, Andrew and Finocchio, Mark and Blake, Andrew and Cook, Mat and Moore, Richard},
	booktitle={Communications of the ACM},
	year={2013}
}

@inproceedings{Stenger-06,
	title={Model-based hand tracking using a hierarchical bayesian filter},
	author={Stenger, Bj{\"o}rn and Thayananthan, Arasanathan and Torr, Philip HS and Cipolla, Roberto},
	booktitle={TPAMI},
	year={2006}
}

@inproceedings{Tang-14,
	title={Latent regression forest: Structured estimation of {3D} articulated hand posture},
	author={Tang, Danhang and Jin Chang, Hyung and Tejani, Alykhan and Kim, Tae-Kyun},
	booktitle={CVPR},
	year={2014}
}

@InProceedings{Tang-13,
	author = {Tang, Danhang and Yu, Tsz-Ho and Kim, Tae-Kyun},
	title = {Real-Time Articulated Hand Pose Estimation Using Semi-supervised Transductive Regression Forests},
	booktitle = {ICCV},
	year = {2013}
}

@inproceedings{Garg-16,
	author    = {Ravi Garg and Vijay Kumar BG and Ian D. Reid},
	title     = {Unsupervised {CNN} for Single View Depth Estimation: Geometry to the
	Rescue},
	booktitle   = {ECCV},
	year      = {2016}
}
@inproceedings{Oberweger-15,
	title={Hands deep in deep learning for hand pose estimation},
	author={Oberweger, Markus and Wohlhart, Paul and Lepetit, Vincent},
	booktitle={Computer Vision Winter Workshop},
	year={2015}
}

@inproceedings{Oberweger-15a,
	author = "Markus Oberweger and Paul Wohlhart and Vincent Lepetit",
	title = {{Training a Feedback Loop for Hand Pose Estimation}},
	booktitle = {{ICCV}},
	year = 2015
}

@inproceedings{Oberweger-16,
	author = "Markus Oberweger and Gernot Riegler and Paul Wohlhart and Vincent Lepetit",
	title = {{Efficiently Creating 3D Training Data for Fine Hand Pose Estimation}},
	booktitle = {{CVPR}},
	year = 2016
}

@inproceedings{Sridhar-16,
	author = {Sridhar, Srinath and Mueller, Franziska and Zollhoefer, Michael and Casas, Dan and Oulasvirta, Antti and Theobalt, Christian},
	title = {Real-time Joint Tracking of a Hand Manipulating an Object from {RGB-D} Input},
	booktitle = {ECCV},
	year = {2016}
} 



@inproceedings{Rehg-94,
	title={Digiteyes: Vision-based hand tracking for human-computer interaction},
	author={Rehg, James M and Kanade, Takeo},
	booktitle={Motion of Non-Rigid and Articulated Objects},
	year={1994}
}

@inproceedings{Lu-03,
	title={Using multiple cues for hand tracking and model refinement},
	author={Lu, Shan and Metaxas, Dimitris and Samaras, Dimitris and Oliensis, John},
	booktitle={CVPR},
	year={2003}
}


@inproceedings{Stenger-01,
	title={Model-based {3D} tracking of an articulated hand},
	author={Stenger, Bjoern and Mendon{\c{c}}a, Paulo RS and Cipolla, Roberto},
	booktitle={CVPR},
	year={2001}
}

@techreport{Greiner-91,
	title={Hand anthropometry of {US} army personnel},
	author={Greiner, Thomas M},
	year={1991},
	institution={DTIC Document}
}


@inproceedings{Tompson-14a,
	title={Joint training of a convolutional network and a graphical model for human pose estimation},
	author={Tompson, Jonathan J and Jain, Arjun and LeCun, Yann and Bregler, Christoph},
	booktitle={NIPS},
	year={2014}
}

@inproceedings{Wei2016,
	author = {Shih-En Wei and Varun Ramakrishna and Takeo Kanade and Yaser Sheikh},
	booktitle = {CVPR},
	title = {Convolutional pose machines},
	year = {2016}
}

@inproceedings{Tompson-14,
	title={Real-time continuous pose recovery of human hands using convolutional networks},
	author={Tompson, Jonathan and Stein, Murphy and Lecun, Yann and Perlin, Ken},
	booktitle={ACM TOG},
	year={2014}
}

@inproceedings{Xu-13,
	title={Efficient hand pose estimation from a single depth image},
	author={Xu, Chi and Cheng, Li},
	booktitle={ICCV},
	year={2013}
}



@inproceedings{Erol-07,
	title={Vision-based hand pose estimation: A review},
	author={Erol, Ali and Bebis, George and Nicolescu, Mircea and Boyle, Richard D and Twombly, Xander},
	booktitle={CVIU},
	year={2007}
}

@inproceedings{Sridhar16,
	title={Real-time joint tracking of a hand manipulating an object from {RGB-D} input},
	author={Sridhar, Srinath and Mueller, Franziska and Zollh{\"o}fer, Michael and Casas, Dan and Oulasvirta, Antti and Theobalt, Christian},
	booktitle={ECCV},
	year={2016}
}

@inproceedings{Supancic-15,
	title={Depth-based hand pose estimation: data, methods, and challenges},
	author={Supancic, James S and Rogez, Gr{\'e}gory and Yang, Yi and Shotton, Jamie and Ramanan, Deva},
	booktitle={ICCV},
	year={2015}
}

@inproceedings{Sharp-15,
	title={Accurate, robust, and flexible real-time hand tracking},
	author={Sharp, Toby and Keskin, Cem and Robertson, Duncan and Taylor, Jonathan and Shotton, Jamie and Kim, David and Rhemann, Christoph and Leichter, Ido and Vinnikov, Alon and Wei, Yichen and others},
	booktitle={CHI},
	year={2015}
}

@inproceedings{Wan-16,
	title={Direction matters: hand pose estimation from local surface normals},
	author={Wan, Chengde and Yao, Angela and Van Gool, Luc},
	booktitle={arXiv preprint arXiv:1604.02657},
	year={2016}
}

@inproceedings{Qian-14,
	title={Realtime and robust hand tracking from depth},
	author={Qian, Chen and Sun, Xiao and Wei, Yichen and Tang, Xiaoou and Sun, Jian},
	booktitle={CVPR},
	year={2014}
}

@inproceedings{Oikonomidis-12,
	title={Tracking the articulated motion of two strongly interacting hands},
	author={Oikonomidis, Iasonas and Kyriazis, Nikolaos and Argyros, Antonis A},
	booktitle={CVPR},
	year={2012},
}

@InProceedings{Sridhar-13,
	author = {Sridhar, Srinath and Oulasvirta, Antti and Theobalt, Christian},
	title = {Interactive Markerless Articulated Hand Motion Tracking Using {RGB} and Depth Data},
	booktitle = {ICCV},
	year = {2013}
}
@inproceedings{Wang-09,
	title={{Real-time hand-tracking with a color glove}},
	author={Robert Y. Wang and Jovan Popovi{\'c}},
	booktitle={ACM TOG},
	volume={28},
	number={3},
	year={2009}
}

@inproceedings{Lin-14,
	title={Microsoft coco: Common objects in context},
	author={Lin, Tsung-Yi and Maire, Michael and Belongie, Serge and Hays, James and Perona, Pietro and Ramanan, Deva and Doll{\'a}r, Piotr and Zitnick, C Lawrence},
	booktitle={ECCV},
	year={2014},
	organization={Springer}
}

@inproceedings{Newell-16,
	title={Stacked hourglass networks for human pose estimation},
	author={Newell, Alejandro and Yang, Kaiyu and Deng, Jia},
	booktitle={ECCV},
	year={2016}
}

@inproceedings{Insafutdinov-16,
	title={DeeperCut: A Deeper, Stronger, and Faster Multi-Person Pose Estimation Model},
	author={Insafutdinov, Eldar and Pishchulin, Leonid and Andres, Bjoern and Andriluka, Mykhaylo and Schiele, Bernt},
	booktitle={arXiv preprint arXiv:1605.03170},
	year={2016}
}

@misc{ceres-solver,
	author = "Sameer Agarwal and Keir Mierle and Others",
	title = "Ceres Solver",
	howpublished = "\url{http://ceres-solver.org}"
}

@misc{NZSL,
	author = "Rachel McKee and David McKee and Darryl Alexander and Edith Paillat",
	title = "{NZ} Sign Language Exercises",
	howpublished = "{\em Deaf Studies Department of Victoria University of Wellington}, \url{http://www.victoria.ac.nz/llc/llc_resources/nzsl/}"
}
@inproceedings{Fischler-81,
	author = {Fischler, Martin A. and Bolles, Robert C.},
	title = {Random Sample Consensus},
	booktitle = {Communications of the ACM},
	volume = {24},
	number = {6},
	year = {1981},
	publisher = {ACM},
} 
@inproceedings{Simonyan-14,
	author       = "Simonyan, K. and Zisserman, A.",
	title        = "Very Deep Convolutional Networks for Large-Scale Image Recognition",
	booktitle      = "CoRR",
	volume       = "abs/1409.1556",
	year         = "2014"
}

@inproceedings{harrigan2013methodology,
	title={Methodology: Coding and studying nonverbal behavior},
	author={Harrigan, JA and Hall, JA and Knapp, ML},
	booktitle={Nonverbal communication},
	pages={35--68},
	year={2013}
}

@inproceedings{mathys2013beyond,
	title={Beyond Parental Report: Findings from the Rapid-ABC, A New 4-Minute Interactive Autism},
	author={Mathys, Jennifer B},
	year={2013}
}

@inproceedings{krug1980behavior,
	title={Behavior checklist for identifying severely handicapped individuals with high levels of autistic behavior},
	author={Krug, David A and Arick, Joel and Almond, Patricia},
	booktitle={Journal of Child Psychology and Psychiatry},
	volume={21},
	number={3},
	pages={221--229},
	year={1980},
	publisher={Wiley Online Library}
}


@inproceedings{gunes2006bimodal,
	title={A bimodal face and body gesture database for automatic analysis of human nonverbal affective behavior},
	author={Gunes, Hatice and Piccardi, Massimo},
	booktitle={Pattern Recognition, 2006. ICPR 2006. 18th International Conference on},
	volume={1},
	pages={1148--1153},
	year={2006},
	organization={IEEE}
}

@inproceedings{pantic2000automatic,
	title={Automatic analysis of facial expressions: The state of the art},
	author={Pantic, Maja and Rothkrantz, Leon J. M.},
	booktitle={TPAMI},
	year={2000}
}


@inproceedings{cowie2001emotion,
	title={Emotion recognition in human-computer interaction},
	author={Cowie, Roddy and Douglas-Cowie, Ellen and Tsapatsoulis, Nicolas and Votsis, George and Kollias, Stefanos and Fellenz, Winfried and Taylor, John G},
	booktitle={IEEE Signal processing magazine},
	volume={18},
	number={1},
	pages={32--80},
	year={2001},
	publisher={IEEE}
}


@inproceedings{shan2009facial,
	title={Facial expression recognition based on local binary patterns: A comprehensive study},
	author={Shan, Caifeng and Gong, Shaogang and McOwan, Peter W},
	booktitle={Image and Vision Computing},
	volume={27},
	number={6},
	pages={803--816},
	year={2009},
	publisher={Elsevier}
}




@inproceedings{mckeown2012semaine,
	title={The semaine database: Annotated multimodal records of emotionally colored conversations between a person and a limited agent},
	author={McKeown, Gary and Valstar, Michel and Cowie, Roddy and Pantic, Maja and Schroder, Marc},
	booktitle={IEEE Transactions on Affective Computing},
	volume={3},
	number={1},
	pages={5--17},
	year={2012},
	publisher={IEEE}
}


@inproceedings{katsimerou2016crowdsourcing,
	title={Crowdsourcing empathetic intelligence: the case of the annotation of EMMA database for emotion and mood recognition},
	author={Katsimerou, Christina and Albeda, Joris and Huldtgren, Alina and Heynderickx, Ingrid and Redi, Judith A},
	booktitle={ACM Transactions on Intelligent Systems and Technology (TIST)},
	volume={7},
	number={4},
	pages={51},
	year={2016},
	publisher={ACM}
}


@inproceedings{lucas_trust_2016,
	address = {Tokyo, Japan},
	title = {Trust {Me}: {Multimodal} {Signals} of {Trustworthiness}},
	isbn = {978-1-4503-4556-9},
	url = {http://dl.acm.org/citation.cfm?doid=2993148.2993178},
	doi = {10.1145/2993148.2993178},
	author = {Lucas, Gale and Stratou, Giota and Lieblich, Shari and Gratch, Jonathan},
	month = nov,
	year = {2016},
	keywords = {UARC, Virtual Humans},
	pages = {5--12}
}



@inproceedings{nojavanasghari2016emoreact,
	title={EmoReact: a multimodal approach and dataset for recognizing emotional responses in children},
	author={Nojavanasghari, Behnaz and Baltru{\v{s}}aitis, Tadas and Hughes, Charles E and Morency, Louis-Philippe},
	booktitle={Proceedings of the 18th ACM International Conference on Multimodal Interaction},
	pages={137--144},
	year={2016},
	organization={ACM}
}


@inproceedings{messinger2009automated,
	title={Automated measurement of facial expression in infant--mother interaction: A pilot study},
	author={Messinger, Daniel S and Mahoor, Mohammad H and Chow, Sy-Miin and Cohn, Jeffrey F},
	booktitle={Infancy},
	volume={14},
	number={3},
	pages={285--305},
	year={2009},
	publisher={Taylor \& Francis}
}

@inproceedings{van2014body,
	title={The Body Action Coding System II: muscle activations during the perception and expression of emotion},
	author={van Boxtel, Geert JM and de Gelder, Beatrice and others},
	booktitle={Frontiers in behavioral neuroscience},
	volume={8},
	pages={330},
	year={2014},
	publisher={Frontiers}
}


@inproceedings{dael2015measuring,
	title={Measuring body movement: current and future directions in proxemics and kinesics},
	author={Dael, Nele and Bianchi-Berthouze, Nadia and Kleinsmith, N and Mohr, Christine},
	booktitle={The APA handbook of nonverbal communication. APA},
	year={2015}
}


@article{Beeler2011,
	title={High-quality passive facial performance capture using anchor frames},
	author={T. Beeler and F. Hahn and D. Bradley and B. Bickel and P. Beardsley and C. Gotsman and M. Gross},
	journal={TOG},
	year={2011},
}

@inproceedings{beeler2010high,
	title={High-quality single-shot capture of facial geometry},
	author={Beeler, Thabo and Bickel, Bernd and Beardsley, Paul and Sumner, Bob and Gross, Markus},
	booktitle={ACM Transactions on Graphics (TOG)},
	year={2010}	
}


@inproceedings{carletta2005ami,
	title={The AMI meeting corpus: A pre-announcement},
	author={Carletta, Jean and Ashby, Simone and Bourban, Sebastien and Flynn, Mike and Guillemot, Mael and Hain, Thomas and Kadlec, Jaroslav and Karaiskos, Vasilis and Kraaij, Wessel and Kronenthal, Melissa and others},
	booktitle={International Workshop on Machine Learning for Multimodal Interaction},
	pages={28--39},
	year={2005},
	organization={Springer}
}


@inproceedings{laurentini1994visual,
	title={The visual hull concept for silhouette-based image understanding},
	author={Laurentini, Aldo},
	booktitle={IEEE Transactions on pattern analysis and machine intelligence},
	volume={16},
	number={2},
	pages={150--162},
	year={1994},
	publisher={IEEE}
}

@inproceedings{snavely2006photo,
	title={Photo tourism: exploring photo collections in 3D},
	author={Snavely, Noah and Seitz, Steven M and Szeliski, Richard},
	booktitle={ACM transactions on graphics (TOG)},
	volume={25},
	number={3},
	pages={835--846},
	year={2006},
	organization={ACM}
}

@inproceedings{gunes2007bi,
	title={Bi-modal emotion recognition from expressive face and body gestures},
	author={Gunes, Hatice and Piccardi, Massimo},
	booktitle={Journal of Network and Computer Applications},
	volume={30},
	number={4},
	pages={1334--1345},
	year={2007},
	publisher={Elsevier}
}

@InProceedings{Alahi_2016_CVPR,
	author = {Alahi, Alexandre and Goel, Kratarth and Ramanathan, Vignesh and Robicquet, Alexandre and Fei-Fei, Li and Savarese, Silvio},
	title = {Social LSTM: Human Trajectory Prediction in Crowded Spaces},
	booktitle = {The IEEE Conference on Computer Vision and Pattern Recognition (CVPR)},
	month = {June},
	year = {2016}
}




@inproceedings{lin2014microsoft,
	title={Microsoft coco: Common objects in context},
	author={Lin, Tsung-Yi and Maire, Michael and Belongie, Serge and Hays, James and Perona, Pietro and Ramanan, Deva and Doll{\'a}r, Piotr and Zitnick, C Lawrence},
	booktitle={European Conference on Computer Vision},
	pages={740--755},
	year={2014},
	organization={Springer}
}



@inproceedings{lucas2016trust,
	title={Trust me: multimodal signals of trustworthiness},
	author={Lucas, Gale and Stratou, Giota and Lieblich, Shari and Gratch, Jonathan},
	booktitle={Proceedings of the 18th ACM International Conference on Multimodal Interaction},
	pages={5--12},
	year={2016},
	organization={ACM}
}

@inproceedings{rehg2013decoding,
	title={Decoding children's social behavior},
	author={Rehg, James and Abowd, Gregory and Rozga, Agata and Romero, Mario and Clements, Mark and Sclaroff, Stan and Essa, Irfan and Ousley, O and Li, Yin and Kim, Chanho and others},
	booktitle={Proceedings of the IEEE conference on computer vision and pattern recognition},
	pages={3414--3421},
	year={2013}
}


@inproceedings{helbing1995social,
	title={Social force model for pedestrian dynamics},
	author={Helbing, Dirk and Molnar, Peter},
	booktitle={Physical review E},
	volume={51},
	number={5},
	pages={4282},
	year={1995},
	publisher={APS}
}

@inproceedings{alahi2016social,
	title={Social lstm: Human trajectory prediction in crowded spaces},
	author={Alahi, Alexandre and Goel, Kratarth and Ramanathan, Vignesh and Robicquet, Alexandre and Fei-Fei, Li and Savarese, Silvio},
	booktitle={Proceedings of the IEEE Conference on Computer Vision and Pattern Recognition},
	pages={961--971},
	year={2016}
}


@inproceedings{mnih2012conditional,
	title={Conditional restricted boltzmann machines for structured output prediction},
	author={Mnih, Volodymyr and Larochelle, Hugo and Hinton, Geoffrey E},
	booktitle={arXiv preprint arXiv:1202.3748},
	year={2012}
}

@inproceedings{Fragkiadaki_2015_ICCV,
	author = {Fragkiadaki, Katerina and Levine, Sergey and Felsen, Panna and Malik, Jitendra},
	title = {Recurrent Network Models for Human Dynamics},
	booktitle = {The IEEE International Conference on Computer Vision (ICCV)},
	month = {December},
	year = {2015}
}

@inproceedings{huang2014action,
	title={Action-reaction: Forecasting the dynamics of human interaction},
	author={Huang, De-An and Kitani, Kris M},
	booktitle={European Conference on Computer Vision},
	pages={489--504},
	year={2014},
	organization={Springer}
}

@inproceedings{kitani2012activity,
	title={Activity forecasting},
	author={Kitani, Kris M and Ziebart, Brian D and Bagnell, James Andrew and Hebert, Martial},
	booktitle={ECCV},
	pages={201--214},
	year={2012},
	organization={Springer}
}


@inproceedings{park20123d,
	title={3D Social Saliency from Head-mounted Cameras},
	author={Park, Hyun Soo and Jain, Eakta and Sheikh, Yaser},
	booktitle={NIPS},
	year={2012}
}


@inproceedings{sigal2010humaneva,
	title={Humaneva: Synchronized video and motion capture dataset and baseline algorithm for evaluation of articulated human motion},
	author={Sigal, Leonid and Balan, Alexandru O and Black, Michael J},
	booktitle={International booktitle of computer vision},
	volume={87},
	number={1-2},
	pages={4},
	year={2010},
	publisher={Springer}
}




@inproceedings{gross2001cmu,
	title={The cmu motion of body (mobo) database},
	author={Gross, Ralph and Shi, Jianbo},
	year={2001},
	publisher={Citeseer}
}

@inproceedings{lepri2012connecting,
	title={Connecting meeting behavior with extraversionâ€”A systematic study},
	author={Lepri, Bruno and Subramanian, Ramanathan and Kalimeri, Kyriaki and Staiano, Jacopo and Pianesi, Fabio and Sebe, Nicu},
	booktitle={IEEE Transactions on Affective Computing},
	volume={3},
	number={4},
	pages={443--455},
	publisher={IEEE}
}


@inproceedings{mccowan2005ami,
	title={The AMI meeting corpus},
	author={McCowan, Iain and Carletta, Jean and Kraaij, W and Ashby, S and Bourban, S and Flynn, M and Guillemot, M and Hain, T and Kadlec, J and Karaiskos, V and others},
	booktitle={Proceedings of the 5th International Conference on Methods and Techniques in Behavioral Research},
	volume={88},
	year={2005}
}

@inproceedings{alameda2016salsa,
	title={Salsa: A novel dataset for multimodal group behavior analysis},
	author={Alameda-Pineda, Xavier and Staiano, Jacopo and Subramanian, Ramanathan and Batrinca, Ligia and Ricci, Elisa and Lepri, Bruno and Lanz, Oswald and Sebe, Nicu},
	booktitle={IEEE transactions on pattern analysis and machine intelligence},
	volume={38},
	number={8},
	pages={1707--1720},
	year={2016},
	publisher={IEEE}
}

@book{picard1997affective,
	title={Affective computing},
	author={Picard, Rosalind W and Picard, Roalind},
	volume={252},
	year={1997},
	publisher={MIT press Cambridge}
}


@inproceedings{schindler2008recognizing,
	title={Recognizing emotions expressed by body pose: A biologically inspired neural model},
	author={Schindler, Konrad and Van Gool, Luc and de Gelder, Beatrice},
	booktitle={Neural networks},
	volume={21},
	number={9},
	pages={1238--1246},
	year={2008},
	publisher={Elsevier}
}

@inproceedings{yang2012recognizing,
	title={Recognizing proxemics in personal photos},
	author={Yang, Yi and Baker, Simon and Kannan, Anitha and Ramanan, Deva},
	booktitle={Computer Vision and Pattern Recognition (CVPR), 2012 IEEE Conference on},
	pages={3522--3529},
	year={2012},
	organization={IEEE}
}


@inproceedings{setti2015f,
	title={F-formation detection: Individuating free-standing conversational groups in images},
	author={Setti, Francesco and Russell, Chris and Bassetti, Chiara and Cristani, Marco},
	booktitle={PloS one},
	volume={10},
	number={5},
	pages={e0123783},
	year={2015},
	publisher={Public Library of Science}
}




@inproceedings{Torre15, 
	author = {Fernando {De la Torre} and Wen-Sheng Chu and Xuehan Xiong and Francisco Vicente and Xiaoyu Ding and Jeffrey F. Cohn },
	title = {IntraFace},
	booktitle = {FG},
	year = {2015},
}



@inproceedings{ChuDC13, 
	author = {Wen-Sheng Chu and Fernando {De la Torre} and Jeffery F. Cohn},
	title = {Selective Transfer Machine for Personalized Facial Action Unit Detection},
	booktitle = {IEEE Conference on Computer Vision and Pattern Recognition (CVPR)},
	year = {2013},
}



@inproceedings{ekman1977facial,
	title={Facial action coding system},
	author={Ekman, Paul and Friesen, Wallace V},
	year={1977},
	publisher={Consulting Psychologists Press, Stanford University, Palo Alto}
}

@book{Birdwhistell52,
	title={Introduction to kinesics},
	author={Birdwhistell, Ray L},
	year={1952},
	publisher={University of Louisville}
}

@inproceedings{ekman1969,
	title={The repertoire of nonverbal behavior: Categories, origins, usage, and coding},
	author={Ekman, Paul and Friesen, Wallace V},
	booktitle={semiotica},
	year={1969}
}

@inproceedings{Moore13,
	title={Nonverbal Communication: Studies and Applications},
	author={Moore, Nina-Jo and Hickson Mark III and Stacks, Don W.},
	year={2013},
	publisher={Oxford University Press}
}


@inproceedings{Gelder09,
	title={Why bodies? Twelve reasons for including bodily expressions in affective neuroscience},
	author={De Gelder, Beatrice},
	booktitle={Philosophical Transactions of the Royal Society of London B: Biological Sciences},
	volume={364},
	number={1535},
	pages={3475--3484},
	year={2009},
	publisher={The Royal Society}
}

@inproceedings{Mehrabian81,
	title={Silent messages: Implicit communication of emotions and attitudes . Belmont, CA: Wadsworth},
	author={Mehrabian, Albert},
	booktitle={Inc. Google Scholar},
	year={1981}
}

@inproceedings{Mehrabian67,
	title={Inference of attitudes from nonverbal communication in two channels.},
	author={Mehrabian, Albert and Ferris, Susan R},
	booktitle={Journal of consulting psychology},
	year={1967}
}


@inproceedings{Birdwhistell70,
	author = {R. Birdwhistell},
	title = {Kinesics and Context: Essays on Body Motion Communication},
	booktitle = {University of Pennsylvania Press, Philadelphia.},
	year = 1970
}


@inproceedings{Hall66,
	title={The hidden dimension},
	author={Hall, Edward Twitchell},
	year={1966},
	publisher={Doubleday \& Co}
}

@inproceedings{kendon90,
	title={Spatial organization in social encounters: The F-formation system},
	author={Kendon, Adam},
	booktitle={Conducting interaction: Patterns of behavior in focused encounters},
	pages={209--238},
	year={1990},
	publisher={Cambridge University Press Cambridge; New York, NY}
}


@inproceedings{Sapir-1949,
	author = {Sapir, E.},
	title = {The unconscious patterning of behavior in society},
	booktitle ={Selected Writings of Edward Sapir in Language, Culture, and Personality},
	year = {1949},
}


@inproceedings{Vo-16,
	title={Spatiotemporal Bundle Adjustment for Dynamic 3D Reconstruction},
	author={Vo, Minh and Narasimhan, Srinivasa G and Sheikh, Yaser},
	year={2016},
	booktitle={CVPR}
}

@book{Kendon-90,
	title={Conducting interaction: Patterns of behavior in focused encounters},
	author={Kendon, Adam},
	volume={7},
	year={1990},
	publisher={CUP Archive}
}


@inproceedings{Elhayek-16,
	title={MARCOnI-ConvNet-based MARker-less Motion Capture in Outdoor and Indoor Scenes},
	year={2016},
	booktitle={TPAMI},
	author={Elhayek, Ahmed and others}
}


@inproceedings{Amin-13,
	title={Multi-view Pictorial Structures for 3D Human Pose Estimation.},
	author={Amin, Sikandar and Andriluka, Mykhaylo and Rohrbach, Marcus and Schiele, Bernt},
	booktitle={BMVC},
	year={2013},
	organization={Citeseer}
}

@inproceedings{Lepri-12,
	title={Connecting Meeting Behavior with Extraversion\&\# x2014; A Systematic Study},
	author={Lepri, Bruno and Subramanian, Ramanathan and Kalimeri, Kyriaki and Staiano, Jacopo and Pianesi, Fabio and Sebe, Nicu},
	booktitle={IEEE Transactions on Affective Computing},
	year={2012},
}

@inproceedings{Cristani-11,
	title={Social interaction discovery by statistical analysis of F-formations.},
	author={Cristani, Marco and Bazzani, Loris and Paggetti, Giulia and Fossati, Andrea and Tosato, Diego and Del Bue, Alessio and Menegaz, Gloria and Murino, Vittorio},
	booktitle={BMVC},
	year={2011},
}

@inproceedings{Zen-10,
	title={Space speaks: towards socially and personality aware visual surveillance},
	author={Zen, Gloria and Lepri, Bruno and Ricci, Elisa and Lanz, Oswald},
	booktitle={ACM International Workshop on Multimodal Pervasive Video Analysis},
	year={2010},
}

@inproceedings{Stoll-11,
	title={Fast articulated motion tracking using a sums of gaussians body model},
	author={Stoll, Carsten and Hasler, Nils and Gall, Juergen and Seidel, Hans-Peter and Theobalt, Christian},
	booktitle={ICCV},
	year={2011},
}

@inproceedings{Brox-10,
	author = {Brox, Thomas and Rosenhahn, Bodo and Gall, Juergen and Cremers, Daniel},
	booktitle = {TPAMI},
	title = {{Combined region and motion-based 3D tracking of rigid and articulated objects.}},
	year = {2010}
}


@inproceedings{Vlasic-08,
	author = {Vlasic, Daniel and Baran, Ilya and Matusik, Wojciech and Popovi{\'{c}}, Jovan},
	booktitle = {TOG},
	title = {Articulated mesh animation from multi-view silhouettes},
	year = {2008}
}


@inproceedings{Corazza-10,
	author = {Corazza, Stefano and M{\"{u}}ndermann, Lars and Gambaretto, Emiliano and Ferrigno, Giancarlo and Andriacchi, Thomas P.},
	booktitle = {IJCV},
	title = {{Markerless Motion Capture through Visual Hull, Articulated ICP and Subject Specific Model Generation}},	
	year = {2010}
}

@inproceedings{Kehl-06,
	author = {Kehl, Roland and Gool, Luc Van},
	booktitle = {CVIU},
	title = {{Markerless tracking of complex human motions from multiple views}},	
	year = {2006}
}


@inproceedings{Bregler-04,
	author = {Bregler, Christoph and Malik, Jitendra and Pullen, Katherine},
	booktitle = {IJCV},
	title = {{Twist based acquisition and tracking of animal and human kinematics}},
	year = {2004}
}


@inproceedings{Plankers-03,
	author = {Plankers, Ralf and Fua, Pascal},
	booktitle = {TPAMI},
	title = {{Articulated Soft Objects for Multi-View Shape and Motion Capture}},
	year = {2003}
}

@inproceedings{Cheung-05,
	author = {Cheung, Kong Man and Baker, Simon and Kanade, Takeo},
	booktitle = {IJCV},	
	title = {{Shape-from-silhouette across time part i: Theory and algorithms}},	
	year = {2005}
}


@inproceedings{Gavrila-96,
	author = {Gavrila, D. and Davis, LS},
	booktitle = {ARPA Image Understanding Workshop},
	title = {{Tracking of humans in action: A 3-D model-based approach}},
	year = {1996}
}


@inproceedings{Gall-09,
	title={Motion capture using joint skeleton tracking and surface estimation},
	author={Gall, Juergen and Stoll, Carsten and De Aguiar, Edilson and Theobalt, Christian and Rosenhahn, Bodo and Seidel, Hans-Peter},
	booktitle={CVPR},
	year={2009},
	organization={IEEE}
}

@inproceedings {SALSA-15,
	author = {Alameda-Pineda, X. and  Staiano, J. and Subramanian, R. and Batrinca, L. and Ricci, E. and Lepri, B. and Lanz, O. and Sebe, N.},
	title = {SALSA: A Novel Dataset for Multimodal Group Behavior Analysis},
	booktitle = {TPAMI},
	year = {2015}
}

@inproceedings{Setti-15,
	title={F-formation detection: Individuating free-standing conversational groups in images},
	author={Setti, Francesco and Russell, Chris and Bassetti, Chiara and Cristani, Marco},
	booktitle={PloS one},
	volume={10},
	number={5},
	pages={e0123783},
	year={2015},
	publisher={Public Library of Science}
}



@inproceedings {vsfm,
	author = {Wu, Changchang },
	title = {VisualSFM: A Visual Structure from Motion System},
	booktitle = {http://ccwu.me/vsfm/}
}


@inproceedings {Elhayek-15,
	author = {A. Elhayek and E. Aguiar and A. Jain and J. Tompson and L. Pishchulin and M. Andriluka and C. Bregler and B. Schiele and C. Theobalt},
	title = {Efficient ConvNet-based Marker-less Motion Capture in General Scenes with a Low Number of Cameras},
	booktitle = {CVPR},
	year = {2015}
}


@inproceedings{Collet-15,
	title = {High-quality streamable free-viewpoint video},
	author = {Collet, A. and Chuang, M. and Sweeney, P. and Gillett, D. and Evseev, D. and  Calabrese, D.and Hoppe, H. and Kirk A. and Sullivan, S.},
	year = {2015},
	booktitle = {TOG}
}

@inproceedings{Metallinou-10,
	author = {Metallinou, Angeliki and Lee, Chi-Chun and Busso, Carlos and Carnicke, Sharon and Narayanan, Shrikanth S.},
	month = may,
	title = {The USC CreativeIT Database: A Multimodal Database of Theatrical Improvisation},
	booktitle = {Multimodal Corpora: Advances in Capturing, Coding and Analyzing Multimodality (MMC)},
	year = {2010},
	address = {Valletta, Malta}
}

@inproceedings{Mueller-15,
	title = {Emotion recognition from embedded bodily expressions and speech during dyadic interactions},
	author = {Philipp MÃ¼ller and Sikandar Amin and Prateek Verma and Mykhaylo Andriluka and Andreas Bulling
	},
	year = {2015},
	booktitle = {Proc. of the 6th International Conference on Affective Computing and Intelligent Interaction (ACII 2015)}
}




@inproceedings{Girshick-14,
	Author = {Girshick, Ross and Donahue, Jeff and Darrell, Trevor and Malik, Jitendra},
	Title = {Rich feature hierarchies for accurate object detection and semantic segmentation},
	booktitle = {CVPR},
	Year = {2014}
}

@inproceedings{Haffner-99,
	title = {Questions to Dimitry Davidoff about the creation of Mafia},
	author = {Haffner, FranÃ§ois},
	booktitle={The Basics of Game Theory and Associated Games},
	year = {1999}
}

@inproceedings{Chaudhuri-09,
	title = {Experiments in economics: Playing fair with money},
	author = {Chaudhuri, Ananish},
	booktitle={Routledge},
	year = {2009}
}

@inproceedings{Guth-82,
	title = {An experimental analysis of ultimatum bargaining},
	author = {G\"uth, W. and  Schmittberger, R. and Schwarze, B.},
	booktitle={Journal of Economic Behavior and Organization},
	year = {1982}
}

@inproceedings{Yarbus-1967,
	title = {Eye movements and vision},
	author = {Yarbus, Alfred L.},
	booktitle={Plenum press},
	year = {1967}
}

@inproceedings{Condon-1974,
	title = {Synchrony demonstrated between movements of the neonate and adult speech},
	author = {Condon, William S. and Sander, Louis W.},
	booktitle={Child development},
	year = {1974}
}

@inproceedings{Brazelton-1974,
	title = {The origins of reciprocity: The early mother-infant interaction},
	author = {Brazelton, T. Berry and Koslowski, Barbara and Main, Mary},
	booktitle={Oxford, England: Wiley-Interscience},
	year = {1974}
}

@inproceedings{Moreno-1934,
	title = {Who Shall Survive: A New Approach to the Problem of Human Interrelations},
	author = {Moreno, J. L.},
	booktitle={Nervous and Mental Disease Publishing Co.},
	year = {1934}
}

@inproceedings{Fathi-2012,
	title = {Social interactions: A first-person perspective},
	author = {Fathi, A. and Hodgins, J. K. and Rehg, J. M.},
	booktitle={CVPR},
	year = {2012}
}

@inproceedings{Park-2012,
	title = {3D Gaze Concurrences From Head-mounted Cameras},
	author = {Park, Hyun Soo and Jain, Eakta and Sheikh, Yaser},
	booktitle={NIPS},
	year = {2012},
}

@inproceedings{Duchenne-1871,
	title={A treatise on localized electrization, and its applications to pathology and therapeutics},
	author={Duchenne, Guillaume-Benjamin and Tibbets, Herbert},
	booktitle={London: Hardwicke},
	year={1871},
}



@inproceedings{Darwin-1872,
	title={The expression of the emotions in man and animals},
	author={Darwin, C},
	booktitle={John Murray},
	year={1872},
}

@inproceedings{Izard-1971,
	title={The face of emotions},
	author={Izard, C. E.},
	booktitle={New York: Appleton-Century-Crofts},
	year={1971},
}

@inproceedings{Ekman-1977,
	title={Facial action coding system},
	author={Ekman, P. and Friesen, W.},
	booktitle={Consulting Psychologists Press},
	year={1977},
}

@inproceedings{Muybridge-1887,
	title={The human figure in motion},
	author={Muybridge, Eadweard},
	booktitle={Courier Corporation},
	year={1887},
}

@inproceedings{Ramanathan-2013,
	title={Social role discovery in human events},
	author={Ramanathan, Vignesh and Yao, Bangpeng and Fei-Fei, Li},
	booktitle={CVPR},
	year={2013},
}

@inproceedings{Yang-2012,
	title={Recognizing proxemics in personal photos},
	author={Yang, Y. and Baker, S. and Kannan, A. and Ramanan, D.},
	booktitle={CVPR},
	year={2012},
}

@inproceedings{Alahi-2014,
	title={Socially-aware large-scale crowd forecasting},
	author={Alahi, Alexandre and Ramanathan, Vignesh and Li Fei-Fei},
	booktitle={CVPR},
	year={2014},
}


@inproceedings{Chakraborty-2013,
	title={3d visual proxemics: Recognizing human interactions in 3d from a single image},
	author={Chakraborty, Ishani and Cheng, Hui and Javed, Omar},
	booktitle={CVPR},
	year={2013},
}

@inproceedings{Park-2015,
	title={Social Saliency Prediction},
	author={Park, Hyun Soo and Shi, Jianbo},
	booktitle={CVPR},
	year={2015},
}

@inproceedings{Arev-2014,
	title={Automatic editing of footage from multiple social cameras},
	author={Arev, I. and Park, H. S. and Sheikh, Y. and Hodgins, J. and Shamir, A.},
	booktitle={SIGGRAPH},
	year={2014},
}

@inproceedings{Choudhury-2002,
	title={The sociometer: A wearable device for understanding human networks},
	author={Choudhury, Tanzeem and Pentland, Alex},
	booktitle={CSCW'02 Workshop: Ad hoc Communications and Collaboration in Ubiquitous Computing Environments},
	year={2002},
}


@inproceedings{Hall-1962,
	title={Proxemics: The study of man's spatial relations},
	author={Hall, Edward Twitchell},
	booktitle={International Universities Press},
	year={1962},
}

@inproceedings{Martin-1981,
	title={A longitudinal study of the consequences of early mother-infant interaction: A microanalytic approach},
	author={Martin, J. A.},
	booktitle={Monographs of the Society for Research in Child Development},
	year={1981},
}


@inproceedings{Shiratori-2011,
	title={Motion capture from body-mounted cameras},
	author={Shiratori, T. and Park, H. S. and Sigal, L. and Sheikh, Y. and Hodgins, J. K.},
	booktitle={SIGGRAPH},
	year={2011},
}


@inproceedings{McDonnell-2008,
	title={Evaluating the emotional content of human motions on real and virtual characters},
	author={McDonnell, R. and JÃ¶rg, S. and McHugh, J. and Newell, F. and O'Sullivan, C. },
	booktitle={Symposium on Applied Perception in Graphics and Visualization},
	year={2008},
}



% [1] Darwin, C. (1965). The expression of the emotions in man and animals. Chicago: University of Chicago Press. (Original work published 1872).
% [2] Izard, C. E. (1971). The face of emotions. New York: Appleton-Century-Crofts.
% [3] Ekman, P. and Friesen, W. (1977). Facial action coding system
% [4] Muybridge, Eadweard. The human figure in motion. Courier Corporation, 1887.
% [5] Ramanathan, Vignesh, Bangpeng Yao, and Li Fei-Fei. "Social role discovery in human events." Computer Vision and Pattern Recognition (CVPR), 2013 IEEE Conference on. IEEE, 2013.
% [6] Yang, Y., Baker, S., Kannan, A., & Ramanan, D. (2012, June). Recognizing proxemics in personal photos. In Computer Vision and Pattern Recognition (CVPR), 2012 IEEE Conference on (pp. 3522-3529). IEEE.
% [7] Alahi, Alexandre, Vignesh Ramanathan, and Li Fei-Fei. "Socially-aware large-scale crowd forecasting." Computer Vision and Pattern Recognition (CVPR), 2014 IEEE Conference on. IEEE, 2014.


% [8] Chakraborty, Ishani, Hui Cheng, and Omar Javed. "3d visual proxemics: Recognizing human interactions in 3d from a single image." Computer Vision and Pattern Recognition (CVPR), 2013 IEEE Conference on. IEEE, 2013.
% [9] Park, Hyun Soo, and Jianbo Shi. "Social Saliency Prediction." CVPR 2015.
% [10] Arev, I., Park, H. S., Sheikh, Y., Hodgins, J., & Shamir, A. (2014). Automatic editing of footage from multiple social cameras. ACM Transactions on Graphics (TOG), 33(4), 81.
% [11] Choudhury, Tanzeem, and Alex Pentland. "The sociometer: A wearable device for understanding human networks." CSCW'02 Workshop: Ad hoc Communications and Collaboration in Ubiquitous Computing Environments. 2002.
% [12] Hall, Edward Twitchell. Proxemics: The study of man's spatial relations. 1962.
% [13] Martin, J. A. (1981). A longitudinal study of the consequences of early mother-infant interaction: A microanalytic approach. Monographs of the Society for Research in Child Development, 46(3), 1-48. 
% [14] Shiratori, Takaaki, et al. "Motion capture from body-mounted cameras." ACM Transactions on Graphics (TOG) 30.4 (2011): 31.
% [15] McDonnell, Rachel, et al. "Evaluating the emotional content of human motions on real and virtual characters." Proceedings of the 5th symposium on Applied perception in graphics and visualization. ACM, 2008.\\





@inproceedings{felzenszwalb2005,
	title={Pictorial structures for object recognition},
	author={Felzenszwalb, Pedro F and Huttenlocher, Daniel P},
	booktitle={IJCV},
	year={2005},
}


@inproceedings{Wu2013,
	author = {Wu, C.},
	title = {Towards Linear-time Incremental Structure from Motion},
	booktitle ={Joint 3DIM / 3DPVT Conference (3DV)},
	year = {2013},
}

@inproceedings{Birdwhistell-1970,
	author = {Birdwhistell, R.},
	title = {Kinesics and Context: Essays on Body Motion Communication},
	booktitle ={University of Pennsylvania Press},
	year = {1970},
}

@inproceedings{Philpott-1983,
	author = {Philpott, J. S.},
	title = {The relative contribution to meaning of verbal and nonverbal channels of communication},
	booktitle ={Unpublished master's thesis, University of Nebraska},
	year = {1983},
}



@inproceedings{Meeren-2005,
	author = {Meeren, Hanneke K. M. and van Heijnsbergen, CornÃ© C. R. J. and de Gelder, Beatrice}, 
	title = {Rapid perceptual integration of facial expression and emotional body language},
	booktitle = {Proceedings of the National Academy of Sciences of the United States of America},
	year = {2005},
}

@inproceedings{Aviezer-2012,
	author = {Aviezer, H. and Trope, Y. and Todorov, A.},
	title = {Body cues, not facial expressions, discriminate between intense positive and negative emotions.},
	booktitle ={Science},
	year = {2012},
}

@inproceedings{Williams1979,
	author = {Williams, Robert},
	title = {The Geometrical Foundation of Natural Structure: A Source Book of Design},
	booktitle = {Dover Publications},
	year = 1979
}

@inproceedings{Ramakrishna2014,
	author = {Ramakrishna, Varun and  Munoz, Daniel and  Hebert, Martial and Bagnell, J. Andrew and Sheikh, Yaser},
	title = {Pose Machines: Articulated Pose Estimation	via Inference Machines},
	booktitle = {ECCV},
	year = 2014
}

@inproceedings{Joo2014,
	author = {Joo, Hanbyul and Park, Hyun Soo and Yaser Sheikh},
	title = {MAP Visibility Estimation for Large-Scale Dynamic 3D Reconstruction},
	booktitle = {CVPR},
	year = 2014
}

@inproceedings{Liu2011,
	author = {Liu, Yebin and Gall, Juergen and Seidel, Hans-peter and Theobalt, Christian},
	title = {Markerless Motion Capture of Interacting Characters Using Multi-view Image Segmentation},
	booktitle = {CVPR},
	year = 2011
}


@inproceedings{Gavrila1996,
	author = {Gavrila, D and Davis, L S},
	title = {Tracking of humans in action: A 3-D model-based approach},
	booktitle = {ARPA Image Understanding Workshop},
	year = 1996
}


@inproceedings{Kehl2005,
	author = {Kehl, R and Bray, M and Van Gool, L},
	title = {Full Body Tracking from Multiple Views Using Stochastic Sampling},
	booktitle = {CVPR},
	year = 2005
}

@inproceedings{Gall2005,
	author = {Gall, J. and 	Stoll, C. and	de Aguiar, E. and	Theobalt, C. and	Rosenhahn, B. and	Seidel, H.-P.},
	title = {Motion capture using joint skeleton tracking and surface estimation},
	booktitle = {CVPR},
	year = 2009
}

@inproceedings{Cheung2005,
	author = {Cheung, Kong-man (German) and Baker, Simon and Kanade, Takeo},
	title = {Shape-from-silhouette across time part I: Theory and algorithms},
	booktitle = {IJCV},
	year = 2005
}

@inproceedings{Cheung2005_2,
	author = {Cheung, Kong-man (German) and Baker, Simon and Kanade, Takeo},
	title = {Shape-From-Silhouette Across Time Part II: Applications to Human Modeling and Markerless Motion Tracking},
	booktitle = {IJCV},
	year = 2005
}

@inproceedings{Mikic2003,
	author = {Miki\'{c}, Ivana and Trivedi, Mohan and Hunter, Edward and Cosman, Pamela and Rd, Sorrento Valley and B, Suite and Diego, San},
	booktitle = {IJCV},
	title = {{Human body model acquisition and tracking using voxel data}},
	year = {2003}
}

@inproceedings{Plankers2003,
	author = {Plankers, Ralf and Fua, Pascal},
	booktitle = {TPAMI},
	title = {{Articulated Soft Objects for Multi-View Shape and Motion Capture}},
	year = {2003}
}


@inproceedings{Straka2012,
	author = {Straka, Matthias and Hauswiesner, Stefan},
	booktitle = {ECCV},
	title = {{Simultaneous shape and pose adaption of articulated models using linear optimization}},
	year = {2012}
}


@inproceedings{Huang2014,
	author = {Huang, Chun-hao and Boyer, Edmond and Navab, Nassir and Ilic, Slobodan},
	booktitle = {CVPR},
	title = {{Human Shape and Pose Tracking Using Keyframes}},
	year = {2014}
}

@inproceedings{Burenius2013,
	author = {Burenius, Magnus and Sullivan, Josephine and Carlsson, Stefan},
	booktitle = {CVPR},
	title = {{3D pictorial structures for multiple view articulated pose estimation}},
	year = {2013}
}

@inproceedings{Belagiannis2014,
	author = {Belagiannis, Vasileios and Amin, Sikandar and Andriluka, Mykhaylo},
	booktitle = {CVPR},
	title = {{3D pictorial structures for multiple human pose estimation}},
	year = {2014}
}

@inproceedings{Shotton2011,
	author = {Shotton, Jamie and Fitzgibbon, A. and Cook, M. and Sharp, Toby},
	booktitle = {CVPR},
	title = {{Real-time human pose recognition in parts from single depth images}},
	year = {2011}
}


@inproceedings{Baak2011,
	author = {Baak, Andreas and M, Meinard and Bharaj, Gaurav and Seidel, Hans-peter and Theobalt, Christian},
	booktitle = {ICCV},
	title = {{A Data-Driven Approach for Real-Time Full Body Pose Reconstruction from a Depth Camera}},
	year = {2011}
}

@inproceedings{bradley2010high,
	title={High resolution passive facial performance capture},
	author={Bradley, Derek and Heidrich, Wolfgang and Popa, Tiberiu and Sheffer, Alla},
	booktitle={TOG},
	year={2010}
}


@inproceedings{ghosh2011multiview,
	title={Multiview face capture using polarized spherical gradient illumination},
	author={Ghosh, Abhijeet and Fyffe, Graham and Tunwattanapong, Borom and Busch, Jay and Yu, Xueming and Debevec, Paul},
	booktitle={TOG},
	year={2011}
}

@inproceedings{Yang2012,
	author = {Yang, Yi and Ramanan, Deva},
	booktitle = {TPAMI},
	title = {{Articulated Human Detection with Flexible Mixtures-of-Parts.}},
	year = {2012}
}

@inproceedings{Vedula-2005,
	author = {Vedula, Sundar and Baker, Simon and Kanade, Takeo},
	title = {Image-based Spatio-temporal Modeling and View Interpolation of Dynamic Events},
	booktitle = {TOG},
	year = {2005},
} 

@inproceedings{Liu-2013, 
	author={Yebin Liu and Gall, J. and Stoll, C. and Qionghai Dai and Seidel, H.-P. and Theobalt, C.}, 
	booktitle={TPAMI}, 
	title={Markerless Motion Capture of Multiple Characters Using Multiview Image Segmentation}, 
	year={2013}, 
}

@inproceedings{Wu-2013,
	author = {Wu, Chenglei and Stoll, Carsten and Valgaerts, Levi and Theobalt, Christian},
	title = {On-set Performance Capture of Multiple Actors with a Stereo Camera},
	booktitle = {SIGGRAPH},
	year = {2013},
} 


@inproceedings{Wilburn-2005,
	author = {Wilburn, Bennett and Joshi, Neel and Vaish, Vaibhav and Talvala, Eino-Ville and Antunez, Emilio and Barth, Adam and Adams, Andrew and Horowitz, Mark and Levoy, Marc},
	title = {High Performance Imaging Using Large Camera Arrays},
	booktitle = {SIGGRAPH},
	year = {2005},
} 

@inproceedings{Furukawa-2010, 
	author={Furukawa, Y. and Ponce, J.}, 
	booktitle={TPAMI}, 
	title={Accurate, Dense, and Robust Multiview Stereopsis}, 
	year={2010}, 
}

@inproceedings{Kanade-1997,
	author = {Takeo Kanade and Peter Rander and P.J. Narayanan},
	title = {Virtualized Reality: Constructing Virtual Worlds from Real Scenes},
	booktitle ={IEEE Multimedia},
	year = {1997},
}


@inproceedings{Kanade-2007,
	author = {Takeo Kanade and P.J. Narayanan},
	title = {Virtualized Reality: Perspectives on 4D Digitization of Dynamic Events},
	booktitle ={CGA},
	year = {2007},
}

@inproceedings{Gross-2003,
	author = {Gross, Markus and W\"{u}rmlin, Stephan and Naef, Martin and Lamboray, Edouard and Spagno, Christian and Kunz, Andreas and Koller-Meier, Esther and Svoboda, Tomas and Van Gool, Luc and Lang, Silke and Strehlke, Kai and Moere, Andrew Vande and Staadt, Oliver},
	title = {Blue-c: A Spatially Immersive Display and 3D Video Portal for Telepresence},
	booktitle = {SIGGRAPH},
	year = {2003},
} 

@inproceedings{Zitnick-2004,
	author = {Zitnick, C. Lawrence and Kang, Sing Bing and Uyttendaele, Matthew and Winder, Simon and Szeliski, Richard},
	title = {High-quality Video View Interpolation Using a Layered Representation},
	booktitle = {SIGGRAPH},
	year = {2004},
} 

@inproceedings{Matusik-2000,
	author = {Matusik, Wojciech and Buehler, Chris and Raskar, Ramesh and Gortler, Steven J. and McMillan, Leonard},
	title = {Image-based Visual Hulls},
	booktitle = {SIGGRAPH},
	year = {2000},
} 

@inproceedings{Matusik-2004,
	author = {Matusik, Wojciech and Pfister, Hanspeter},
	title = {3D TV: A Scalable System for Real-time Acquisition, Transmission, and Autostereoscopic Display of Dynamic Scenes},
	booktitle = {SIGGRAPH},
	year = {2004},
} 

@inproceedings{Moezzi-1997,
	author =       {Saied Moezzi and Li-Cheng Tai and Philippe Gerard},
	title =        {Virtual View Generation for 3D Digital Video},
	booktitle =      {IEEE Multimedia},
	year =         1997,
}

@inproceedings{Matsuyama-2004,
	author =       {Takashi Matsuyama and Xiaojun Wu and Takeshi Takai and Shohei Nobuhara},
	title =        {Real-Time 3D Shape Reconstruction, Dynamic 3D Mesh Deformation and High Fidelity Visualization for 3D Video},
	booktitle =      {CVIU},
	year =         2004,
}

@inproceedings{Vlasic-2008,
	author = {Vlasic, Daniel and Baran, Ilya and Matusik, Wojciech and Popovi\'{c}, Jovan},
	title = {Articulated Mesh Animation from Multi-view Silhouettes},
	booktitle = {SIGGRAPH},
	year = {2008},
} 

%% inria-00349127, version 1
%% http://hal.inria.fr/inria-00349127
%%

@inproceedings{Petit-2008,
	AUTHOR = {Petit, Benjamin and Lesage, Jean-Denis and Franco, Jean-S{\'e}bastien and Boyer, Edmond and Raffin, Bruno},
	TITLE = {{Grimage: 3D modeling for remote collaboration and telepresence}},
	booktitle = {{ACM symposium on Virtual reality software and technology}},
	YEAR = {2008},
	PUBLISHER = {ACM},
}

@inproceedings{Yamaguchi-2010,
	title={Cell-based 3D Video Capture of a Freely-moving Object Using Multi-viewpoint Active Cameras},
	author={Tatsuhisa Yamaguchi and Hiromasa Yoshimoto and Shohei Nobuhara and Takashi Matsuyama},
	booktitle={IPSJ Transactions on Computer Vision and Applications},
	year={2010},
}


@inproceedings{Starck-2007,
	author = {Starck, Jonathan and Hilton, Adrian},
	title = {Surface Capture for Performance-Based Animation},
	booktitle = {CGA},
	year = {2007},
} 


@inproceedings{Cremers-2010,
	author = {D. Cremers and K. Kolev},
	title = {Multiview Stereo and Silhouette Consistency via Convex Functionals over Convex Domains},
	booktitle={TPAMI},
	year = {2010},
}

@inproceedings{Nobuhara-2004,
	author = {Nobuhara, Shohei and Matsuyama, Takashi},
	title = {Heterogeneous Deformation Model for 3D Shape and Motion Recovery from Multi-Viewpoint Images},
	booktitle = {3DPVT},
	year = {2004},
}

@inproceedings{Furukawa-2008, 
	author={Furukawa, Y. and Ponce, J.}, 
	booktitle={CVPR},
	title={Dense 3D motion capture from synchronized video streams}, 
	year={2008}, 
}

@inproceedings{Cagniart-2010, 
	author={Cagniart, C. and Boyer, E. and Ilic, S.}, 
	booktitle={CVPR},
	title={Free-form mesh tracking: A patch-based approach}, 
	year={2010}, 
}

@inproceedings{Vedula-2000,
	author = {Sundar Vedula and Simon Baker and Steven Seitz and Takeo Kanade},
	title = {Shape and Motion Carving in 6D},
	booktitle={CVPR},
	year = {2000}
}


@inproceedings{Johansson1973,
	author = {Johansson, G},
	title = {Visual perception of biological motion and a model of its analysis},
	booktitle = {Perception and Psychophysics},
	year = {1973}
}



@inproceedings{Matsuyama-2002, 
	author={Matsuyama, T. and Takai, T.}, 
	booktitle={3DPVT}, 
	title={Generation, visualization, and editing of 3D video}, 
	year={2002}, 
}

@inproceedings{Ye-2012,
	author = {Ye, Genzhi and Liu, Yebin and Hasler, Nils and Ji, Xiangyang and Dai, Qionghai and Theobalt, Christian},
	title = {Performance Capture of Interacting Characters with Handheld Kinects},
	booktitle = {ECCV},
	year = {2012},
} 

@inproceedings{Starck-2009,
	author = {Starck, Jonathan and Maki, Atsuto and Nobuhara, Shohei and Hilton, Adrian and Matsuyama, Takashi},
	title = {The Multiple-camera 3-D Production Studio},
	booktitle = {IEEE Trans. Cir. and Sys. for Video Technol.},
	year = {2009},
} 

@inproceedings{Carranza-2003,
	author = {Carranza, Joel and Theobalt, Christian and Magnor, Marcus A. and Seidel, Hans-Peter},
	title = {Free-viewpoint Video of Human Actors},
	booktitle = {SIGGRAPH},
	year = {2003},
} 

@inproceedings{deAguiar-2008,
	author = {de Aguiar, Edilson and Stoll, Carsten and Theobalt, Christian and Ahmed, Naveed and Seidel, Hans-Peter and Thrun, Sebastian},
	title = {Performance Capture from Sparse Multi-view Video},
	booktitle = {SIGGRAPH},
	year = {2008},
} 

@inproceedings{Vlasic-2009,
	author = {Vlasic, Daniel and Peers, Pieter and Baran, Ilya and Debevec, Paul and Popovi\'{c}, Jovan and Rusinkiewicz, Szymon and Matusik, Wojciech},
	title = {Dynamic Shape Capture Using Multi-view Photometric Stereo},
	booktitle = {SIGGRAPH},
	year = {2009},
} 

@INPROCEEDINGS{Fujii-2006, 
	author={Fujii, T. and Mori, K. and Takeda, K. and Mase, K. and Tanimoto, M. and Suenaga, Y.}, 
	booktitle={International Conference on Multimedia and Expo}, 
	title={Multipoint Measuring System for Video and Sound - 100-camera and microphone system}, 
	year={2006}, 
}

@inproceedings{Snavely-2006,
	author = {Snavely, Noah and Seitz, Steven M. and Szeliski, Richard},
	title = {Photo Tourism: Exploring Photo Collections in 3D},
	booktitle = {SIGGRAPH},
	year = {2006},
} 

@inproceedings{Labatut-2007, 
	author={Labatut, P. and Pons, J.-P. and Keriven, R.}, 
	booktitle={ICCV}, 
	title={Efficient Multi-View Reconstruction of Large-Scale Scenes using Interest Points, Delaunay Triangulation and Graph Cuts}, 
	year={2007}, 
}

@inproceedings{Davis-2012,
	author = {Davis, Abe and Levoy, Marc and Durand, Fredo},
	title = {Unstructured Light Fields},
	booktitle = {Computer Graphics Forum},
	year = {2012},
} 

@inproceedings{Petit-2009,
	AUTHOR = {Petit, Benjamin and Lesage, Jean-Denis and Boyer, Edmond and Raffin, Bruno},
	TITLE = {{Virtualization Gate}},
	booktitle = {SIGGRAPH Emerging Technologies},
	year = {2009},
}




@inproceedings{starck2007surface,
	title={Surface capture for performance-based animation},
	author={Starck, Jonathan and Hilton, Adrian},
	booktitle={CGA},
	year={2007}
}

@inproceedings{laurentini1994visual,
	title={The visual hull concept for silhouette-based image understanding},
	author={Laurentini, Aldo},
	booktitle={TPAMI},
	year={1994}
}

@inproceedings{Anguelov2004,
	author = {Anguelov, Dragomir and Srinivasan, Praveen},
	booktitle = {NIPS},
	title = {{The correlated correspondence algorithm for unsupervised registration of nonrigid surfaces}},
	year = {2004}
}

@inproceedings{Frahm:2010,
	author = {Jan-michael Frahm and Pierre Fite-georgel and David Gallup and Tim Johnson and Rahul Raguram and Changchang Wu and Yi-hung Jen and Enrique Dunn and Svetlana Lazebnik and Marc Pollefeys},
	title = {Building Rome on a Cloudless Day},
	booktitle = {ECCV},
	year = {2010}
}

@inproceedings{Furukawa:2010,
	author = {Yasutaka Furukawa and Brian Curless and Steven M. Seitz and Richard Szeliski},
	title = {Towards Internet-scale Multi-view Stereo},
	booktitle = {CVPR},
	year = {2010}
}

@inproceedings{lowe:2004,
	author = {D. G. Lowe},
	title = {Distinctive Image Features from Scale-Invariant Keypoints},
	booktitle = {IJCV},
	year = {2004}
} 

@inproceedings{evangelidis:2008,
	author = {G.D. Evangelidis and E.Z. Psarakis},
	title = {Parametric Image Alignment using Enhanced Correlation Coefficient Maximization},
	booktitle = {TPAMI},
	year = {2008}
} 

@inproceedings{muja:2009,
	author = {M. Muja and D. G. Lowe},
	title = {Fast approximate nearest neighbors with automatic algorithm configuration},
	booktitle = {International Conference on Computer Vision Theory and Applications},
	year = {2009}
}

@inproceedings{muja:2009,
	author = {M. Muja and D. G. Lowe},
	title = {Fast approximate nearest neighbors with automatic algorithm configuration},
	booktitle = {International Conference on Computer Vision Theory and Applications},
	year = {2009}
}


@inproceedings{Snavely:2006,
	author = {Noah Snavely and Steven M. Seitz and Richard Szeliski},
	booktitle = {TOG},
	title = {{Photo tourism: Exploring photo collections in 3D}},
	year = {2006}
}

@inproceedings{Baker2004,
	author = {Baker, Simon and Matthews, Iain},
	booktitle = {IJCV},
	title = {{Lucas-Kanade 20 Years On: A Unifying Framework}},
	year = {2004}
}

@inproceedings{Basha2012,
	author = {Basha, T. and Avidan, S. and Hornung, A. and Matusik, W.},
	booktitle = {CVPR},
	title = {{Structure and motion from scene registration}},
	year = {2012}
}

@inproceedings{Basha2010,
	author = {Basha, Tali and Moses, Yael and Kiryati, Nahum},
	booktitle = {CVPR},
	title = {{Multi-view scene flow estimation: A view centered variational approach}},
	year = {2010}
}

@inproceedings{Basha2012a,
	author = {Basha, Tali and Moses, Yael and Kiryati, Nahum},
	booktitle = {IJCV},
	title = {{Multi-view Scene Flow Estimation: A View Centered Variational Approach}},
	year = {2012}
}
@inproceedings{Brox2004,
	author = {Brox, Thomas and Bruhn, A and Papenberg, Nils and Weickert, Joachim},
	booktitle = {ECCV},
	title = {{High accuracy optical flow estimation based on a theory for warping}},
	year = {2004}
}

@inproceedings{Carceroni2002,
	author = {Carceroni, RL and Kutalakos, KN},
	booktitle = {IJCV},
	title = {{Multi-view scene capture by surfel sampling: From video streams to non-rigid 3D motion, shape and reflectance}},
	year = {2002}
}
@inproceedings{DeAguiar2007,
	author = {de Aguiar, Edilson and Theobalt, Christian and Stoll, Carsten and Seidel, Hans-Peter},
	booktitle = {CVPR},
	title = {{Marker-less Deformable Mesh Tracking for Human Shape and Motion Capture}},
	year = {2007}
}
@inproceedings{Devernay2006,
	author = {Devernay, F. and Mateus, D. and Guilbert, M.},
	booktitle = {CVPR},
	title = {{Multi-Camera Scene Flow by Tracking 3-D Points and Surfels}},
	year = {2006}
}
@inproceedings{Furukawa2009,
	author = {Furukawa, Yasutaka and Ponce, Jean},
	booktitle = {CVPR},
	title = {{Dense 3d motion capture for human faces}},
	year = {2009}
}
@inproceedings{Guan2010,
	author = {Guan, L and Franco, JS},
	booktitle = {CVPR},
	title = {{Probabilistic 3D occupancy flow with latent silhouette cues}},
	year = {2010}
}
@inproceedings{Hadfield2011,
	author = {Hadfield, Simon and Bowden, Richard},
	booktitle = {ICCV},
	title = {{Kinecting the dots: Particle based scene flow from depth sensors}},
	year = {2011}
}
@inproceedings{Huguet2007,
	author = {Huguet, F and Devernay, F},
	booktitle = {ICCV},
	title = {{A variational method for scene flow estimation from stereo sequences}},
	year = {2007}
}
@inproceedings{Kalal2011,
	author = {Kalal, Zdenek and Mikolajczyk, Krystian and Matas, Jiri},
	booktitle = {TPAMI},
	title = {{Tracking-Learning-Detection.}},
	year = {2011}
}
@inproceedings{Liu2008,
	author = {Liu, Ce and Yuen, Jenny and Torralba, Antonio},
	booktitle = {ECCV},
	title = {{SIFT flow: dense correspondence across different scenes}},
	year = {2008}
}
@inproceedings{Mordohai2012,
	author = {Mordohai, Philippos},
	booktitle = {ECCV Workshop},
	title = {{On the evaluation of scene flow estimation}},
	year = {2012}
}
@inproceedings{Pons2007,
	author = {Pons, JP and Keriven, R and Faugeras, O},
	booktitle = {IJCV},
	title = {{Multi-view stereo reconstruction and scene flow estimation with a global image-based matching score}},
	year = {2007}
}
@inproceedings{Quiroga2012,
	author = {Quiroga, Julian and Devernay, Frederic and Crowley, James},
	booktitle = {CVPR Workshop},
	title = {{Scene flow by tracking in intensity and depth data}},
	year = {2012}
}
@inproceedings{Rabe2010,
	author = {Rabe, Clemens and M\"{u}ller, T and Wedel, Andreas and Franke, Uwe},
	booktitle = {ECCV},
	title = {{Dense, robust, and accurate motion field estimation from stereo image sequences in real-time}},
	year = {2010}
}
@inproceedings{Sand2006,
	author = {Sand, P. and Teller, S.},
	booktitle = {CVPR},
	title = {{Particle Video: Long-Range Motion Estimation using Point Trajectories}},
	year = {2006}
}
@inproceedings{Starck2005,
	author = {Starck, J. and Hilton, A.},
	booktitle = {ICCV},
	title = {{Spherical matching for temporal correspondence of non-rigid surfaces}},
	year = {2005}
}
@inproceedings{Starck2007,
	author = {Starck, Jonathan and Hilton, Adrian},
	booktitle = {ICCV},
	title = {{Correspondence labelling for wide-timeframe free-form surface matching}},
	year = {2007}
}

@inproceedings{Thorstensen2009,
	author = {Thorstensen, Nicolas and Keriven, Renaud},
	booktitle = {ACCV},
	title = {{Non-rigid shape matching using geometry and photometry}},
	year = {2009}
}

@inproceedings{Tung2010,
	author = {Tung, Tony and Matsuyama, Takashi},
	booktitle = {CVPR},
	title = {{Dynamic surface matching by geodesic mapping for 3D animation transfer}},
	year = {2010}
}
@inproceedings{Varanasi2008,
	author = {Varanasi, Kiran and Zaharescu, Andrei},
	booktitle = {ECCV},
	title = {{Temporal surface tracking using mesh evolution}},
	year = {2008}
}

@inproceedings{Vedula2000,
	author = {Vedula, Sundar and Baker, Simon},
	booktitle = {CVPR},
	title = {{Shape and motion carving in 6D}},
	year = {2000}
}
@inproceedings{Vedula1999,
	author = {Vedula, Sundar and Baker, Simon and Rander, Peter and Collins, Robert and Kanade, Takeo},
	booktitle = {ICCV},
	title = {{Three-dimensional scene flow.}},
	year = {1999}
}

@inproceedings{Vedula2005,
	author = {Vedula, Sundar and Baker, Simon and Rander, Peter and Collins, Robert and Kanade, Takeo},
	booktitle = {TPAMI},
	title = {{Three-dimensional scene flow.}},
	year = {2005}
}

@inproceedings{Vogel2011,
	author = {Vogel, Christoph and Schindler, K and Roth, Stefan},
	booktitle = {ICCV},
	title = {{3D scene flow estimation with a rigid motion prior}},
	year = {2011}
}

@inproceedings{White2005,
	author = {White, Ryan and Crane, Keenan and Forsyth, D A},
	booktitle = {TOG},
	title = {{Capturing and Animating Occluded Cloth}},
	year = {2005}
}

@inproceedings{Zaharescu2009,
	author = {Zaharescu, a. and Boyer, E. and Varanasi, K. and Horaud, R.},
	booktitle = {CVPR},
	title = {{Surface feature detection and description with applications to mesh matching}},
	year = {2009}
}

@misc{RealityCapture,
	title ={RealityCapture Software},
	howpublished = {\url{www.capturingreality.com/}}
}

@misc{VICON,
	title = {Vicon Motion Systems},
	howpublished = {\url{www.vicon.com}}
}


@inproceedings{Park2006,
	title={Capturing and animating skin deformation in human motion},
	author={Park, Sang Il and Hodgins, Jessica K},
	booktitle={TOG},
	year={2006},
}

@inproceedings{ECC2008,
	title={Parametric image alignment using enhanced correlation coefficient maximization},
	author={Evangelidis, Georgios D and Psarakis, Emmanouil Z},
	booktitle={TPAMI},
	year={2008}
}



@inproceedings{Bouguet2001,
	title={Pyramidal implementation of the affine lucas kanade feature tracker description of the algorithm},
	author={Bouguet, Jean-Yves},
	booktitle={Intel Corporation},
	year={2001}
}

@inproceedings{Boykov2001,
	title={Interactive graph cuts for optimal boundary \& region segmentation of objects in ND images},
	author={Boykov, Yuri Y and Jolly, M-P},
	booktitle={ICCV},
	year={2001},
}



@inproceedings{Xiang2019,
	title={Monocular Total Capture: Posing Face, Body, and Hands in the Wild},
	author={Xiang, Donglai and Joo, Hanbyul and Sheikh, Yaser},
	booktitle={Technical Report},
	year={2018}
}


@inproceedings{valgaerts2012lightweight,
	title={Lightweight binocular facial performance capture under uncontrolled lighting.},
	author={Valgaerts, Levi and Wu, Chenglei and Bruhn, Andr{\'e}s and Seidel, Hans-Peter and Theobalt, Christian},
	booktitle={TOG},
	year={2012}
}



@inproceedings{thies2016face2face,
	title={Face2face: Real-time face capture and reenactment of rgb videos},
	author={Thies, Justus and Zollhofer, Michael and Stamminger, Marc and Theobalt, Christian and Nie{\ss}ner, Matthias},
	booktitle={CVPR},
	year={2016}
}


@inproceedings{cao2015real,
	title={Real-time high-fidelity facial performance capture},
	author={Cao, Chen and Bradley, Derek and Zhou, Kun and Beeler, Thabo},
	booktitle={TOG},
	year={2015}
}


@inproceedings{li2013realtime,
	title={Realtime facial animation with on-the-fly correctives.},
	author={Li, Hao and Yu, Jihun and Ye, Yuting and Bregler, Chris},
	booktitle={TOG},
	year={2013}
}


@inproceedings{garrido-tog-2013,
	author    = {P. Garrido and L. Valgaerts and C. Wu and C. Theobalt},
	title     = {Reconstructing Detailed Dynamic Face Geometry from Monocular Video},
	booktitle = {TOG},
	year      = {2013}
}

@inproceedings{Fyffe:EURO2011,
	title = {Comprehensive Facial Performance Capture},
	booktitle = {Eurographics},
	author = {Fyffe, G. and Hawkins, T. and Watts, C. and Ma, W.-C. and Debevec, P.},
	year = {2011}
}


@inproceedings{Fischler1981,
	author = {Martin A. Fischler and Robert C. Bolles},
	title = {Random Sample Consensus: A Paradigm for Model Fitting with Applications to Image Analysis and Automated Cartography},
	booktitle={Communications of ACM},
	year = {1981}
}

@inproceedings{ahmed2008dense,
	title={Dense correspondence finding for parametrization-free animation reconstruction from video},
	author={Ahmed, Naveed and Theobalt, Christian and Rossl, Christian and Thrun, Sebastian and Seidel, H-P},
	booktitle={CVPR},
	year={2008},
}

@inproceedings{de2008performance,
	title={Performance capture from sparse multi-view video},
	author={de Aguiar, Edilson and Stoll, Carsten and Theobalt, Christian and Ahmed, Naveed and Seidel, Hans-Peter and Thrun, Sebastian},
	booktitle={TOG},
	year={2008},
}

@inproceedings{de2007marker,
	title={Marker-less deformable mesh tracking for human shape and motion capture},
	author={de Aguiar, Edilson and Theobalt, Christian and Stoll, Carsten and Seidel, H-P},
	booktitle={CVPR},
	year={2007}
}

@inproceedings{boykov2001fast,
	title={Fast approximate energy minimization via graph cuts},
	author={Boykov, Yuri and Veksler, Olga and Zabih, Ramin},
	booktitle={TPAMI},
	year={2001}
}

@inproceedings{sundaram2010dense,
	title={Dense point trajectories by GPU-accelerated large displacement optical flow},
	author={Sundaram, Narayanan and Brox, Thomas and Keutzer, Kurt},
	booktitle={ECCV},
	year={2010}
}


@inproceedings{Zaharescu2011,
	title={Topology-Adaptive Mesh Deformation for Surface Evolution, Morphing, and Multiview Reconstruction},
	author={ Zaharescu, Andrei and Boyer, Edmond and Horaud, Radu},
	booktitle={TPAMI},
	year={2011}
}


@inproceedings{Budd2013,
	title={Topology-Adaptive Mesh Deformation for Surface Evolution, Morphing, and Multiview Reconstruction},
	author={ Budd, Chris and Huang, Peng and Klaudiny, Martin and  Hilton, Adrian},
	booktitle={IJCV},
	year={2013}
}


@inproceedings{Furukawa2008,
	author = {Furukawa, Yasutaka and Ponce, J},
	booktitle = {CVPR},
	title = {{Dense 3D motion capture from synchronized video streams}},
	year = {2008}
}

@article{harrigan2013methodology,
	title={Methodology: Coding and studying nonverbal behavior},
	author={Harrigan, JA and Hall, JA and Knapp, ML},
	journal={Nonverbal communication},
	pages={35--68},
	year={2013}
}


@article{krug1980behavior,
	title={Behavior checklist for identifying severely handicapped individuals with high levels of autistic behavior},
	author={Krug, David A and Arick, Joel and Almond, Patricia},
	journal={Journal of Child Psychology and Psychiatry},
	volume={21},
	number={3},
	pages={221--229},
	year={1980},
	publisher={Wiley Online Library}
}


@article{van2014body,
	title={The Body Action Coding System II: muscle activations during the perception and expression of emotion},
	author={van Boxtel, Geert JM and de Gelder, Beatrice and others},
	journal={Frontiers in behavioral neuroscience},
	volume={8},
	pages={330},
	year={2014},
	publisher={Frontiers}
}





@inproceedings{Tomas-17,
	title={Hand Keypoint Detection in Single Images using Multiview Bootstrapping },
	author={Simon, Tomas and Joo, Hanbyul and Mattews, Iain and Sheikh, Yaser},
	booktitle={CVPR},
	year={2017}
}






@article{laurentini1994visual,
	title={The visual hull concept for silhouette-based image understanding},
	author={Laurentini, Aldo},
	journal={IEEE Transactions on pattern analysis and machine intelligence},
	volume={16},
	number={2},
	pages={150--162},
	year={1994},
	publisher={IEEE}
}

@inproceedings{snavely2006photo,
	title={Photo tourism: exploring photo collections in 3D},
	author={Snavely, Noah and Seitz, Steven M and Szeliski, Richard},
	booktitle={ACM transactions on graphics (TOG)},
	volume={25},
	number={3},
	pages={835--846},
	year={2006},
	organization={ACM}
}

@article{gunes2007bi,
	title={Bi-modal emotion recognition from expressive face and body gestures},
	author={Gunes, Hatice and Piccardi, Massimo},
	journal={Journal of Network and Computer Applications},
	volume={30},
	number={4},
	pages={1334--1345},
	year={2007},
	publisher={Elsevier}
}

@InProceedings{Alahi_2016_CVPR,
	author = {Alahi, Alexandre and Goel, Kratarth and Ramanathan, Vignesh and Robicquet, Alexandre and Fei-Fei, Li and Savarese, Silvio},
	title = {Social LSTM: Human Trajectory Prediction in Crowded Spaces},
	booktitle = {The IEEE Conference on Computer Vision and Pattern Recognition (CVPR)},
	month = {June},
	year = {2016}
}


@inproceedings{wei2016convolutional,
	title={Convolutional pose machines},
	author={Wei, Shih-En and Ramakrishna, Varun and Kanade, Takeo and Sheikh, Yaser},
	booktitle={CVPR},
	pages={4724--4732},
	year={2016}
}


@inproceedings{lin2014microsoft,
	title={Microsoft coco: Common objects in context},
	author={Lin, Tsung-Yi and Maire, Michael and Belongie, Serge and Hays, James and Perona, Pietro and Ramanan, Deva and Doll{\'a}r, Piotr and Zitnick, C Lawrence},
	booktitle={European Conference on Computer Vision},
	pages={740--755},
	year={2014},
	organization={Springer}
}


@inproceedings{lucas2016trust,
	title={Trust me: multimodal signals of trustworthiness},
	author={Lucas, Gale and Stratou, Giota and Lieblich, Shari and Gratch, Jonathan},
	booktitle={Proceedings of the 18th ACM International Conference on Multimodal Interaction},
	pages={5--12},
	year={2016},
	organization={ACM}
}





@article{Vo-16,
	title={Spatiotemporal Bundle Adjustment for Dynamic 3D Reconstruction},
	author={Vo, Minh and Narasimhan, Srinivasa G and Sheikh, Yaser},
	year={2016},
	journal={CVPR}
}

@book{Kendon-90,
	title={Conducting interaction: Patterns of behavior in focused encounters},
	author={Kendon, Adam},
	volume={7},
	year={1990},
	publisher={CUP Archive}
}

@article{Tompson-14,
	title={Joint training of a convolutional network and a graphical model for human pose estimation},
	author={Tompson, Jonathan J and Jain, Arjun and LeCun, Yann and Bregler, Christoph},
	journal={NIPS},
	year={2014}
}



@article{Amin-13,
	title={Multi-view Pictorial Structures for 3D Human Pose Estimation.},
	author={Amin, Sikandar and Andriluka, Mykhaylo and Rohrbach, Marcus and Schiele, Bernt},
	journal={BMVC},
	year={2013},
	organization={Citeseer}
}

@article{Setti-15,
	title={F-formation detection: Individuating free-standing conversational groups in images},
	author={Setti, Francesco and Russell, Chris and Bassetti, Chiara and Cristani, Marco},
	journal={PloS one},
	volume={10},
	number={5},
	pages={e0123783},
	year={2015},
	publisher={Public Library of Science}
}



@article{Metallinou-10,
	author = {Metallinou, Angeliki and Lee, Chi-Chun and Busso, Carlos and Carnicke, Sharon and Narayanan, Shrikanth S.},
	month = may,
	title = {The USC CreativeIT Database: A Multimodal Database of Theatrical Improvisation},
	journal = {Multimodal Corpora: Advances in Capturing, Coding and Analyzing Multimodality (MMC)},
	year = {2010},
	address = {Valletta, Malta}
}

@article{Mueller-15,
	title = {Emotion recognition from embedded bodily expressions and speech during dyadic interactions},
	author = {Philipp MÃ¼ller and Sikandar Amin and Prateek Verma and Mykhaylo Andriluka and Andreas Bulling
	},
	year = {2015},
	journal = {Proc. of the 6th International Conference on Affective Computing and Intelligent Interaction (ACII 2015)}
}




@article{Wei-2016,
	author = {Shih-En Wei and Varun Ramakrishna and Takeo Kanade and Yaser Sheikh},
	journal = {CVPR},
	title = {Convolutional pose machines},
	year = {2016}
}

@article{Condon-1974,
	title = {Synchrony demonstrated between movements of the neonate and adult speech},
	author = {Condon, William S. and Sander, Louis W.},
	journal={Child development},
	year = {1974}
}

@article{Brazelton-1974,
	title = {The origins of reciprocity: The early mother-infant interaction},
	author = {Brazelton, T. Berry and Koslowski, Barbara and Main, Mary},
	journal={Oxford, England: Wiley-Interscience},
	year = {1974}
}

@article{Moreno-1934,
	title = {Who Shall Survive: A New Approach to the Problem of Human Interrelations},
	author = {Moreno, J. L.},
	journal={Nervous and Mental Disease Publishing Co.},
	year = {1934}
}


@article{Park-2012,
	title = {3D Gaze Concurrences From Head-mounted Cameras},
	author = {Park, Hyun Soo and Jain, Eakta and Sheikh, Yaser},
	journal={NIPS},
	year = {2012},
}

@article{Duchenne-1871,
	title={A treatise on localized electrization, and its applications to pathology and therapeutics},
	author={Duchenne, Guillaume-Benjamin and Tibbets, Herbert},
	journal={London: Hardwicke},
	year={1871},
}




@article{Ramanathan-2013,
	title={Social role discovery in human events},
	author={Ramanathan, Vignesh and Yao, Bangpeng and Fei-Fei, Li},
	journal={CVPR},
	year={2013},
}

@article{Yang-2012,
	title={Recognizing proxemics in personal photos},
	author={Yang, Y. and Baker, S. and Kannan, A. and Ramanan, D.},
	journal={CVPR},
	year={2012},
}

@article{Alahi-2014,
	title={Socially-aware large-scale crowd forecasting},
	author={Alahi, Alexandre and Ramanathan, Vignesh and Li Fei-Fei},
	journal={CVPR},
	year={2014},
}


@article{Chakraborty-2013,
	title={3d visual proxemics: Recognizing human interactions in 3d from a single image},
	author={Chakraborty, Ishani and Cheng, Hui and Javed, Omar},
	journal={CVPR},
	year={2013},
}

@article{Park-2015,
	title={Social Saliency Prediction},
	author={Park, Hyun Soo and Shi, Jianbo},
	journal={CVPR},
	year={2015},
}

@article{Arev-2014,
	title={Automatic editing of footage from multiple social cameras},
	author={Arev, I. and Park, H. S. and Sheikh, Y. and Hodgins, J. and Shamir, A.},
	journal={SIGGRAPH},
	year={2014},
}

@article{Choudhury-2002,
	title={The sociometer: A wearable device for understanding human networks},
	author={Choudhury, Tanzeem and Pentland, Alex},
	journal={CSCW'02 Workshop: Ad hoc Communications and Collaboration in Ubiquitous Computing Environments},
	year={2002},
}



@article{Martin-1981,
	title={A longitudinal study of the consequences of early mother-infant interaction: A microanalytic approach},
	author={Martin, J. A.},
	journal={Monographs of the Society for Research in Child Development},
	year={1981},
}


@article{Shiratori-2011,
	title={Motion capture from body-mounted cameras},
	author={Shiratori, T. and Park, H. S. and Sigal, L. and Sheikh, Y. and Hodgins, J. K.},
	journal={SIGGRAPH},
	year={2011},
}


@article{McDonnell-2008,
	title={Evaluating the emotional content of human motions on real and virtual characters},
	author={McDonnell, R. and JÃ¶rg, S. and McHugh, J. and Newell, F. and O'Sullivan, C. },
	journal={Symposium on Applied Perception in Graphics and Visualization},
	year={2008},
}



% [1] Darwin, C. (1965). The expression of the emotions in man and animals. Chicago: University of Chicago Press. (Original work published 1872).
% [2] Izard, C. E. (1971). The face of emotions. New York: Appleton-Century-Crofts.
% [3] Ekman, P. and Friesen, W. (1977). Facial action coding system
% [4] Muybridge, Eadweard. The human figure in motion. Courier Corporation, 1887.
% [5] Ramanathan, Vignesh, Bangpeng Yao, and Li Fei-Fei. "Social role discovery in human events." Computer Vision and Pattern Recognition (CVPR), 2013 IEEE Conference on. IEEE, 2013.
% [6] Yang, Y., Baker, S., Kannan, A., & Ramanan, D. (2012, June). Recognizing proxemics in personal photos. In Computer Vision and Pattern Recognition (CVPR), 2012 IEEE Conference on (pp. 3522-3529). IEEE.
% [7] Alahi, Alexandre, Vignesh Ramanathan, and Li Fei-Fei. "Socially-aware large-scale crowd forecasting." Computer Vision and Pattern Recognition (CVPR), 2014 IEEE Conference on. IEEE, 2014.


% [8] Chakraborty, Ishani, Hui Cheng, and Omar Javed. "3d visual proxemics: Recognizing human interactions in 3d from a single image." Computer Vision and Pattern Recognition (CVPR), 2013 IEEE Conference on. IEEE, 2013.
% [9] Park, Hyun Soo, and Jianbo Shi. "Social Saliency Prediction." CVPR 2015.
% [10] Arev, I., Park, H. S., Sheikh, Y., Hodgins, J., & Shamir, A. (2014). Automatic editing of footage from multiple social cameras. ACM Transactions on Graphics (TOG), 33(4), 81.
% [11] Choudhury, Tanzeem, and Alex Pentland. "The sociometer: A wearable device for understanding human networks." CSCW'02 Workshop: Ad hoc Communications and Collaboration in Ubiquitous Computing Environments. 2002.
% [12] Hall, Edward Twitchell. Proxemics: The study of man's spatial relations. 1962.
% [13] Martin, J. A. (1981). A longitudinal study of the consequences of early mother-infant interaction: A microanalytic approach. Monographs of the Society for Research in Child Development, 46(3), 1-48. 
% [14] Shiratori, Takaaki, et al. "Motion capture from body-mounted cameras." ACM Transactions on Graphics (TOG) 30.4 (2011): 31.
% [15] McDonnell, Rachel, et al. "Evaluating the emotional content of human motions on real and virtual characters." Proceedings of the 5th symposium on Applied perception in graphics and visualization. ACM, 2008.\\





@article{felzenszwalb2005,
	title={Pictorial structures for object recognition},
	author={Felzenszwalb, Pedro F and Huttenlocher, Daniel P},
	journal={IJCV},
	year={2005},
}


@article{Wu2013,
	author = {Wu, C.},
	title = {Towards Linear-time Incremental Structure from Motion},
	journal ={Joint 3DIM / 3DPVT Conference (3DV)},
	year = {2013},
}

@article{Philpott-1983,
	author = {Philpott, J. S.},
	title = {The relative contribution to meaning of verbal and nonverbal channels of communication},
	journal ={Unpublished master's thesis, University of Nebraska},
	year = {1983},
}



@article{Ramakrishna2014,
	author = {Ramakrishna, Varun and  Munoz, Daniel and  Hebert, Martial and Bagnell, J. Andrew and Sheikh, Yaser},
	title = {Pose Machines: Articulated Pose Estimation	via Inference Machines},
	journal = {ECCV},
	year = 2014
}


@article{Liu2011,
	author = {Liu, Yebin and Gall, Juergen and Seidel, Hans-peter and Theobalt, Christian},
	title = {Markerless Motion Capture of Interacting Characters Using Multi-view Image Segmentation},
	journal = {CVPR},
	year = 2011
}


@article{Gavrila1996,
	author = {Gavrila, D and Davis, L S},
	title = {Tracking of humans in action: A 3-D model-based approach},
	journal = {ARPA Image Understanding Workshop},
	year = 1996
}


@article{Kehl2005,
	author = {Kehl, R and Bray, M and Van Gool, L},
	title = {Full Body Tracking from Multiple Views Using Stochastic Sampling},
	journal = {CVPR},
	year = 2005
}

@article{Gall2005,
	author = {Gall, J. and 	Stoll, C. and	de Aguiar, E. and	Theobalt, C. and	Rosenhahn, B. and	Seidel, H.-P.},
	title = {Motion capture using joint skeleton tracking and surface estimation},
	journal = {CVPR},
	year = 2009
}

@article{Cheung2005,
	author = {Cheung, Kong-man (German) and Baker, Simon and Kanade, Takeo},
	title = {Shape-from-silhouette across time part I: Theory and algorithms},
	journal = {IJCV},
	year = 2005
}

@article{Cheung2005_2,
	author = {Cheung, Kong-man (German) and Baker, Simon and Kanade, Takeo},
	title = {Shape-From-Silhouette Across Time Part II: Applications to Human Modeling and Markerless Motion Tracking},
	journal = {IJCV},
	year = 2005
}

@article{Mikic2003,
	author = {Miki\'{c}, Ivana and Trivedi, Mohan and Hunter, Edward and Cosman, Pamela and Rd, Sorrento Valley and B, Suite and Diego, San},
	journal = {IJCV},
	title = {{Human body model acquisition and tracking using voxel data}},
	year = {2003}
}

@article{Plankers2003,
	author = {Plankers, Ralf and Fua, Pascal},
	journal = {TPAMI},
	title = {{Articulated Soft Objects for Multi-View Shape and Motion Capture}},
	year = {2003}
}


@article{Straka2012,
	author = {Straka, Matthias and Hauswiesner, Stefan},
	journal = {ECCV},
	title = {{Simultaneous shape and pose adaption of articulated models using linear optimization}},
	year = {2012}
}


@article{Huang2014,
	author = {Huang, Chun-hao and Boyer, Edmond and Navab, Nassir and Ilic, Slobodan},
	journal = {CVPR},
	title = {{Human Shape and Pose Tracking Using Keyframes}},
	year = {2014}
}

@article{Burenius2013,
	author = {Burenius, Magnus and Sullivan, Josephine and Carlsson, Stefan},
	journal = {CVPR},
	title = {{3D pictorial structures for multiple view articulated pose estimation}},
	year = {2013}
}



@article{Yang2012,
	author = {Yang, Yi and Ramanan, Deva},
	journal = {TPAMI},
	title = {{Articulated Human Detection with Flexible Mixtures-of-Parts.}},
	year = {2012}
}

@article{Vedula-2005,
	author = {Vedula, Sundar and Baker, Simon and Kanade, Takeo},
	title = {Image-based Spatio-temporal Modeling and View Interpolation of Dynamic Events},
	journal = {TOG},
	year = {2005},
} 


@article{Wu-2013,
	author = {Wu, Chenglei and Stoll, Carsten and Valgaerts, Levi and Theobalt, Christian},
	title = {On-set Performance Capture of Multiple Actors with a Stereo Camera},
	journal = {SIGGRAPH},
	year = {2013},
} 


@article{Wilburn-2005,
	author = {Wilburn, Bennett and Joshi, Neel and Vaish, Vaibhav and Talvala, Eino-Ville and Antunez, Emilio and Barth, Adam and Adams, Andrew and Horowitz, Mark and Levoy, Marc},
	title = {High Performance Imaging Using Large Camera Arrays},
	journal = {SIGGRAPH},
	year = {2005},
} 

@article{Furukawa-2010, 
	author={Furukawa, Y. and Ponce, J.}, 
	journal={TPAMI}, 
	title={Accurate, Dense, and Robust Multiview Stereopsis}, 
	year={2010}, 
}


@article{Kanade-2007,
	author = {Takeo Kanade and P.J. Narayanan},
	title = {Virtualized Reality: Perspectives on 4D Digitization of Dynamic Events},
	journal ={CGA},
	year = {2007},
}


@article{Zitnick-2004,
	author = {Zitnick, C. Lawrence and Kang, Sing Bing and Uyttendaele, Matthew and Winder, Simon and Szeliski, Richard},
	title = {High-quality Video View Interpolation Using a Layered Representation},
	journal = {SIGGRAPH},
	year = {2004},
} 


@article{Matusik-2004,
	author = {Matusik, Wojciech and Pfister, Hanspeter},
	title = {3D TV: A Scalable System for Real-time Acquisition, Transmission, and Autostereoscopic Display of Dynamic Scenes},
	journal = {SIGGRAPH},
	year = {2004},
} 

@article{Moezzi-1997,
	author =       {Saied Moezzi and Li-Cheng Tai and Philippe Gerard},
	title =        {Virtual View Generation for 3D Digital Video},
	journal =      {IEEE Multimedia},
	year =         1997,
}

@article{Matsuyama-2004,
	author =       {Takashi Matsuyama and Xiaojun Wu and Takeshi Takai and Shohei Nobuhara},
	title =        {Real-Time 3D Shape Reconstruction, Dynamic 3D Mesh Deformation and High Fidelity Visualization for 3D Video},
	journal =      {CVIU},
	year =         2004,
}


%% inria-00349127, version 1
%% http://hal.inria.fr/inria-00349127
%%

@article{Petit-2008,
	AUTHOR = {Petit, Benjamin and Lesage, Jean-Denis and Franco, Jean-S{\'e}bastien and Boyer, Edmond and Raffin, Bruno},
	TITLE = {{Grimage: 3D modeling for remote collaboration and telepresence}},
	journal = {{ACM symposium on Virtual reality software and technology}},
	YEAR = {2008},
	PUBLISHER = {ACM},
}

@article{Yamaguchi-2010,
	title={Cell-based 3D Video Capture of a Freely-moving Object Using Multi-viewpoint Active Cameras},
	author={Tatsuhisa Yamaguchi and Hiromasa Yoshimoto and Shohei Nobuhara and Takashi Matsuyama},
	journal={IPSJ Transactions on Computer Vision and Applications},
	year={2010},
}


@article{Starck-2007,
	author = {Starck, Jonathan and Hilton, Adrian},
	title = {Surface Capture for Performance-Based Animation},
	journal = {CGA},
	year = {2007},
} 


@article{Cremers-2010,
	author = {D. Cremers and K. Kolev},
	title = {Multiview Stereo and Silhouette Consistency via Convex Functionals over Convex Domains},
	journal={TPAMI},
	year = {2010},
}

@article{Nobuhara-2004,
	author = {Nobuhara, Shohei and Matsuyama, Takashi},
	title = {Heterogeneous Deformation Model for 3D Shape and Motion Recovery from Multi-Viewpoint Images},
	journal = {3DPVT},
	year = {2004},
}


@article{Cagniart-2010, 
	author={Cagniart, C. and Boyer, E. and Ilic, S.}, 
	journal={CVPR},
	title={Free-form mesh tracking: A patch-based approach}, 
	year={2010}, 
}

@article{Vedula-2000,
	author = {Sundar Vedula and Simon Baker and Steven Seitz and Takeo Kanade},
	title = {Shape and Motion Carving in 6D},
	journal={CVPR},
	year = {2000}
}


@article{Johansson1973,
	author = {Johansson, G},
	title = {Visual perception of biological motion and a model of its analysis},
	journal = {Perception and Psychophysics},
	year = {1973}
}


@article{Starck-2009,
	author = {Starck, Jonathan and Maki, Atsuto and Nobuhara, Shohei and Hilton, Adrian and Matsuyama, Takashi},
	title = {The Multiple-camera 3-D Production Studio},
	journal = {IEEE Trans. Cir. and Sys. for Video Technol.},
	year = {2009},
} 

@article{Carranza-2003,
	author = {Carranza, Joel and Theobalt, Christian and Magnor, Marcus A. and Seidel, Hans-Peter},
	title = {Free-viewpoint Video of Human Actors},
	journal = {SIGGRAPH},
	year = {2003},
} 


@INPROCEEDINGS{Fujii-2006, 
	author={Fujii, T. and Mori, K. and Takeda, K. and Mase, K. and Tanimoto, M. and Suenaga, Y.}, 
	booktitle={International Conference on Multimedia and Expo}, 
	title={Multipoint Measuring System for Video and Sound - 100-camera and microphone system}, 
	year={2006}, 
}

@article{Snavely-2006,
	author = {Snavely, Noah and Seitz, Steven M. and Szeliski, Richard},
	title = {Photo Tourism: Exploring Photo Collections in 3D},
	journal = {SIGGRAPH},
	year = {2006},
} 

@article{Labatut-2007, 
	author={Labatut, P. and Pons, J.-P. and Keriven, R.}, 
	journal={ICCV}, 
	title={Efficient Multi-View Reconstruction of Large-Scale Scenes using Interest Points, Delaunay Triangulation and Graph Cuts}, 
	year={2007}, 
}

@article{Davis-2012,
	author = {Davis, Abe and Levoy, Marc and Durand, Fredo},
	title = {Unstructured Light Fields},
	journal = {Computer Graphics Forum},
	year = {2012},
} 





@article{starck2007surface,
	title={Surface capture for performance-based animation},
	author={Starck, Jonathan and Hilton, Adrian},
	journal={CGA},
	year={2007}
}

@article{laurentini1994visual,
	title={The visual hull concept for silhouette-based image understanding},
	author={Laurentini, Aldo},
	journal={TPAMI},
	year={1994}
}

@inproceedings{Anguelov2004,
	author = {Anguelov, Dragomir and Srinivasan, Praveen},
	booktitle = {NIPS},
	title = {{The correlated correspondence algorithm for unsupervised registration of nonrigid surfaces}},
	year = {2004}
}


@article{lowe:2004,
	author = {D. G. Lowe},
	title = {Distinctive Image Features from Scale-Invariant Keypoints},
	journal = {IJCV},
	year = {2004}
} 

@article{evangelidis:2008,
	author = {G.D. Evangelidis and E.Z. Psarakis},
	title = {Parametric Image Alignment using Enhanced Correlation Coefficient Maximization},
	journal = {TPAMI},
	year = {2008}
} 

@inproceedings{muja:2009,
	author = {M. Muja and D. G. Lowe},
	title = {Fast approximate nearest neighbors with automatic algorithm configuration},
	booktitle = {International Conference on Computer Vision Theory and Applications},
	year = {2009}
}

@inproceedings{muja:2009,
	author = {M. Muja and D. G. Lowe},
	title = {Fast approximate nearest neighbors with automatic algorithm configuration},
	booktitle = {International Conference on Computer Vision Theory and Applications},
	year = {2009}
}


@article{Baker2004,
	author = {Baker, Simon and Matthews, Iain},
	journal = {IJCV},
	title = {{Lucas-Kanade 20 Years On: A Unifying Framework}},
	year = {2004}
}

@inproceedings{Basha2012,
	author = {Basha, T. and Avidan, S. and Hornung, A. and Matusik, W.},
	booktitle = {CVPR},
	title = {{Structure and motion from scene registration}},
	year = {2012}
}

@inproceedings{Basha2010,
	author = {Basha, Tali and Moses, Yael and Kiryati, Nahum},
	booktitle = {CVPR},
	title = {{Multi-view scene flow estimation: A view centered variational approach}},
	year = {2010}
}

@article{Basha2012a,
	author = {Basha, Tali and Moses, Yael and Kiryati, Nahum},
	journal = {IJCV},
	title = {{Multi-view Scene Flow Estimation: A View Centered Variational Approach}},
	year = {2012}
}
@inproceedings{Brox2004,
	author = {Brox, Thomas and Bruhn, A and Papenberg, Nils and Weickert, Joachim},
	booktitle = {ECCV},
	title = {{High accuracy optical flow estimation based on a theory for warping}},
	year = {2004}
}

@inproceedings{DeAguiar2007,
	author = {de Aguiar, Edilson and Theobalt, Christian and Stoll, Carsten and Seidel, Hans-Peter},
	booktitle = {CVPR},
	title = {{Marker-less Deformable Mesh Tracking for Human Shape and Motion Capture}},
	year = {2007}
}
@inproceedings{Furukawa2009,
	author = {Furukawa, Yasutaka and Ponce, Jean},
	booktitle = {CVPR},
	title = {{Dense 3d motion capture for human faces}},
	year = {2009}
}
@inproceedings{Guan2010,
	author = {Guan, L and Franco, JS},
	booktitle = {CVPR},
	title = {{Probabilistic 3D occupancy flow with latent silhouette cues}},
	year = {2010}
}
@inproceedings{Hadfield2011,
	author = {Hadfield, Simon and Bowden, Richard},
	booktitle = {ICCV},
	title = {{Kinecting the dots: Particle based scene flow from depth sensors}},
	year = {2011}
}
@inproceedings{Huguet2007,
	author = {Huguet, F and Devernay, F},
	booktitle = {ICCV},
	title = {{A variational method for scene flow estimation from stereo sequences}},
	year = {2007}
}
@article{Kalal2011,
	author = {Kalal, Zdenek and Mikolajczyk, Krystian and Matas, Jiri},
	journal = {TPAMI},
	title = {{Tracking-Learning-Detection.}},
	year = {2011}
}
@inproceedings{Liu2008,
	author = {Liu, Ce and Yuen, Jenny and Torralba, Antonio},
	booktitle = {ECCV},
	title = {{SIFT flow: dense correspondence across different scenes}},
	year = {2008}
}
@inproceedings{Mordohai2012,
	author = {Mordohai, Philippos},
	booktitle = {ECCV Workshop},
	title = {{On the evaluation of scene flow estimation}},
	year = {2012}
}
@article{Pons2007,
	author = {Pons, JP and Keriven, R and Faugeras, O},
	journal = {IJCV},
	title = {{Multi-view stereo reconstruction and scene flow estimation with a global image-based matching score}},
	year = {2007}
}
@inproceedings{Quiroga2012,
	author = {Quiroga, Julian and Devernay, Frederic and Crowley, James},
	booktitle = {CVPR Workshop},
	title = {{Scene flow by tracking in intensity and depth data}},
	year = {2012}
}
@inproceedings{Rabe2010,
	author = {Rabe, Clemens and M\"{u}ller, T and Wedel, Andreas and Franke, Uwe},
	booktitle = {ECCV},
	title = {{Dense, robust, and accurate motion field estimation from stereo image sequences in real-time}},
	year = {2010}
}
@inproceedings{Sand2006,
	author = {Sand, P. and Teller, S.},
	booktitle = {CVPR},
	title = {{Particle Video: Long-Range Motion Estimation using Point Trajectories}},
	year = {2006}
}
@inproceedings{Starck2005,
	author = {Starck, J. and Hilton, A.},
	booktitle = {ICCV},
	title = {{Spherical matching for temporal correspondence of non-rigid surfaces}},
	year = {2005}
}
@inproceedings{Starck2007,
	author = {Starck, Jonathan and Hilton, Adrian},
	booktitle = {ICCV},
	title = {{Correspondence labelling for wide-timeframe free-form surface matching}},
	year = {2007}
}

@inproceedings{Thorstensen2009,
	author = {Thorstensen, Nicolas and Keriven, Renaud},
	booktitle = {ACCV},
	title = {{Non-rigid shape matching using geometry and photometry}},
	year = {2009}
}

@inproceedings{Tung2010,
	author = {Tung, Tony and Matsuyama, Takashi},
	booktitle = {CVPR},
	title = {{Dynamic surface matching by geodesic mapping for 3D animation transfer}},
	year = {2010}
}
@inproceedings{Varanasi2008,
	author = {Varanasi, Kiran and Zaharescu, Andrei},
	booktitle = {ECCV},
	title = {{Temporal surface tracking using mesh evolution}},
	year = {2008}
}

@inproceedings{Vedula2000,
	author = {Vedula, Sundar and Baker, Simon},
	booktitle = {CVPR},
	title = {{Shape and motion carving in 6D}},
	year = {2000}
}
@inproceedings{Vedula1999,
	author = {Vedula, Sundar and Baker, Simon and Rander, Peter and Collins, Robert and Kanade, Takeo},
	booktitle = {ICCV},
	title = {{Three-dimensional scene flow.}},
	year = {1999}
}

@article{Vedula2005,
	author = {Vedula, Sundar and Baker, Simon and Rander, Peter and Collins, Robert and Kanade, Takeo},
	journal = {TPAMI},
	title = {{Three-dimensional scene flow.}},
	year = {2005}
}

@inproceedings{Vogel2011,
	author = {Vogel, Christoph and Schindler, K and Roth, Stefan},
	booktitle = {ICCV},
	title = {{3D scene flow estimation with a rigid motion prior}},
	year = {2011}
}

@article{White2005,
	author = {White, Ryan and Crane, Keenan and Forsyth, D A},
	journal = {TOG},
	title = {{Capturing and Animating Occluded Cloth}},
	year = {2005}
}

@inproceedings{Zaharescu2009,
	author = {Zaharescu, a. and Boyer, E. and Varanasi, K. and Horaud, R.},
	booktitle = {CVPR},
	title = {{Surface feature detection and description with applications to mesh matching}},
	year = {2009}
}


@article{Park2006,
	title={Capturing and animating skin deformation in human motion},
	author={Park, Sang Il and Hodgins, Jessica K},
	journal={TOG},
	year={2006},
}

@article{ECC2008,
	title={Parametric image alignment using enhanced correlation coefficient maximization},
	author={Evangelidis, Georgios D and Psarakis, Emmanouil Z},
	journal={TPAMI},
	year={2008}
}


@article{Lucas1981,
	title={An iterative image registration technique with an application to stereo vision},
	author={Lucas, Bruce D and Kanade, Takeo},
	journal={IJCAI},
	year={1981}
}


@article{Bouguet2001,
	title={Pyramidal implementation of the affine lucas kanade feature tracker description of the algorithm},
	author={Bouguet, Jean-Yves},
	journal={Intel Corporation},
	year={2001}
}

@inproceedings{Boykov2001,
	title={Interactive graph cuts for optimal boundary \& region segmentation of objects in ND images},
	author={Boykov, Yuri Y and Jolly, M-P},
	booktitle={ICCV},
	year={2001},
}

@article{Furukawa2010,
	title={Accurate, dense, and robust multiview stereopsis},
	author={Furukawa, Yasutaka and Ponce, Jean},
	journal={TPAMI},
	year={2010}
}


@article{Fischler1981,
	author = {Martin A. Fischler and Robert C. Bolles},
	title = {Random Sample Consensus: A Paradigm for Model Fitting with Applications to Image Analysis and Automated Cartography},
	journal={Communications of ACM},
	year = {1981}
}

@inproceedings{ahmed2008dense,
	title={Dense correspondence finding for parametrization-free animation reconstruction from video},
	author={Ahmed, Naveed and Theobalt, Christian and Rossl, Christian and Thrun, Sebastian and Seidel, H-P},
	booktitle={CVPR},
	year={2008},
}

@article{de2008performance,
	title={Performance capture from sparse multi-view video},
	author={de Aguiar, Edilson and Stoll, Carsten and Theobalt, Christian and Ahmed, Naveed and Seidel, Hans-Peter and Thrun, Sebastian},
	journal={TOG},
	year={2008},
}

@inproceedings{de2007marker,
	title={Marker-less deformable mesh tracking for human shape and motion capture},
	author={de Aguiar, Edilson and Theobalt, Christian and Stoll, Carsten and Seidel, H-P},
	booktitle={CVPR},
	year={2007}
}





@article{Zaharescu2011,
	title={Topology-Adaptive Mesh Deformation for Surface Evolution, Morphing, and Multiview Reconstruction},
	author={ Zaharescu, Andrei and Boyer, Edmond and Horaud, Radu},
	journal={TPAMI},
	year={2011}
}


@article{Budd2013,
	title={Topology-Adaptive Mesh Deformation for Surface Evolution, Morphing, and Multiview Reconstruction},
	author={ Budd, Chris and Huang, Peng and Klaudiny, Martin and  Hilton, Adrian},
	journal={IJCV},
	year={2013}
}
